DATE,TIME,AP1,AP2,AP3,AP4,AP5,AV1,AV2,AV3,AV4,AV5,BP1,BP2,BP3,BP4,BP5,BV1,BV2,BV3,BV4,BV5
20181213,092501,10.76,10.77,10.78,10.79,10.8,11700,1000,13200,30600,32800,10.75,10.74,10.73,10.72,10.71,31000,14000,22600,2000,51100
20181213,092501,10.76,10.77,10.78,10.79,10.8,11700,1000,13200,30600,32800,10.75,10.74,10.73,10.72,10.71,31000,14000,22600,2000,51100
20181213,092501,10.76,10.77,10.78,10.79,10.8,11700,1000,13200,30600,32800,10.75,10.74,10.73,10.72,10.71,31000,14000,22600,2000,51100
20181213,092501,10.76,10.77,10.78,10.79,10.8,11700,1000,13200,30600,32800,10.75,10.74,10.73,10.72,10.71,31000,14000,22600,2000,51100
20181213,093002,10.77,10.78,10.79,10.8,10.81,32500,13700,33100,36800,1300,10.76,10.75,10.74,10.73,10.72,9860,35000,13100,22600,19000
20181213,093005,10.78,10.79,10.8,10.81,10.82,11000,33100,25300,3800,21600,10.77,10.76,10.75,10.74,10.73,4900,5800,59900,8100,22600
20181213,093008,10.79,10.8,10.81,10.82,10.83,33100,25300,3800,21600,74600,10.78,10.77,10.76,10.75,10.74,37900,5500,6000,46800,8100
20181213,093011,10.79,10.8,10.81,10.82,10.83,33100,25300,3800,21600,74600,10.78,10.77,10.76,10.75,10.74,40400,6700,4400,46800,8100
20181213,093014,10.79,10.8,10.81,10.82,10.83,38900,25300,3800,21600,74600,10.78,10.77,10.76,10.75,10.74,41200,4900,4400,46800,8100
20181213,093017,10.79,10.8,10.81,10.82,10.83,36800,25300,3800,21600,74600,10.78,10.77,10.76,10.75,10.74,40700,4900,4300,46800,8100
20181213,093020,10.79,10.8,10.81,10.82,10.83,51900,25300,3800,21600,74600,10.78,10.77,10.76,10.75,10.74,9200,4900,4300,46200,8100
20181213,093023,10.79,10.8,10.81,10.82,10.83,400,25300,3800,21600,74600,10.78,10.77,10.76,10.75,10.74,9000,4900,4300,46000,8100
20181213,093026,10.79,10.8,10.81,10.82,10.83,10400,25300,3800,22600,74600,10.78,10.77,10.76,10.75,10.74,53700,4900,4300,45900,8100
20181213,093029,10.79,10.8,10.81,10.82,10.83,10600,25300,13800,22600,74600,10.78,10.77,10.76,10.75,10.74,53700,4900,4300,45900,8100
20181213,093032,10.8,10.81,10.82,10.83,10.84,25300,13800,22600,74600,34300,10.79,10.78,10.77,10.76,10.75,37600,6200,4900,4300,45900
20181213,093035,10.8,10.81,10.82,10.83,10.84,26300,13800,32600,74600,34300,10.79,10.78,10.77,10.76,10.75,35200,6700,3400,4300,45900
20181213,093038,10.8,10.81,10.82,10.83,10.84,30400,13800,33600,74600,42300,10.79,10.78,10.77,10.76,10.75,30500,5500,2400,4300,45900
20181213,093041,10.8,10.81,10.82,10.83,10.84,36200,13800,33600,74600,42300,10.79,10.78,10.77,10.76,10.75,37200,5500,2400,4300,45900
20181213,093044,10.8,10.81,10.82,10.83,10.84,81477,13800,33600,85000,42300,10.79,10.78,10.77,10.76,10.75,35500,5500,2400,4300,45900
20181213,093047,10.8,10.81,10.82,10.83,10.84,80777,13800,35600,85000,42300,10.79,10.78,10.77,10.76,10.75,3600,1800,2400,4300,45900
20181213,093050,10.8,10.81,10.82,10.83,10.84,89277,13800,35600,85000,42300,10.79,10.78,10.77,10.76,10.75,2300,1800,2400,4200,45900
20181213,093053,10.79,10.8,10.81,10.82,10.83,7300,90277,13800,35600,85000,10.78,10.77,10.76,10.75,10.74,1800,2400,4200,46300,8100
20181213,093056,10.79,10.8,10.81,10.82,10.83,4300,90277,13800,35600,85000,10.78,10.77,10.76,10.75,10.74,1800,2400,4200,46300,8100
20181213,093059,10.79,10.8,10.81,10.82,10.83,4300,90277,13800,35600,85000,10.78,10.77,10.76,10.75,10.74,1800,2400,4200,46300,8100
20181213,093102,10.79,10.8,10.81,10.82,10.83,10000,73777,13800,35600,85000,10.78,10.77,10.76,10.75,10.74,2600,2400,4200,46300,8100
20181213,093105,10.79,10.8,10.81,10.82,10.83,14200,67177,13800,35600,85000,10.78,10.77,10.76,10.75,10.74,6800,2400,4200,45300,8100
20181213,093108,10.79,10.8,10.81,10.82,10.83,72200,69177,13800,35600,74600,10.78,10.77,10.76,10.75,10.74,5800,2400,4200,45300,8100
20181213,093111,10.78,10.79,10.8,10.81,10.82,300,68400,65377,18800,35600,10.77,10.76,10.75,10.74,10.73,2100,4200,45300,8100,21600
20181213,093114,10.79,10.8,10.81,10.82,10.83,70400,65377,18800,35600,74600,10.77,10.76,10.75,10.74,10.73,3200,4200,45300,8100,21600
20181213,093117,10.79,10.8,10.81,10.82,10.83,68000,65377,18800,35600,74600,10.77,10.76,10.75,10.74,10.73,3400,4200,45300,8100,21600
20181213,093120,10.79,10.8,10.81,10.82,10.83,56100,75377,18800,35600,74600,10.77,10.76,10.75,10.74,10.73,4100,4200,45300,8100,21600
20181213,093123,10.79,10.8,10.81,10.82,10.83,56100,75377,29200,35600,74600,10.77,10.76,10.75,10.74,10.73,4100,4200,45300,8100,21600
20181213,093126,10.78,10.79,10.8,10.81,10.82,17700,64900,75177,29200,35600,10.77,10.76,10.75,10.74,10.73,4100,4200,45300,8100,21600
20181213,093129,10.78,10.79,10.8,10.81,10.82,13500,64900,75177,29200,35600,10.77,10.76,10.75,10.74,10.73,4100,4200,45300,8100,21600
20181213,093132,10.77,10.78,10.79,10.8,10.81,1100,30300,45300,75177,29200,10.75,10.74,10.73,10.72,10.71,42100,8100,41600,29000,54200
20181213,093135,10.77,10.78,10.79,10.8,10.81,100,24000,45300,75177,29200,10.76,10.75,10.74,10.73,10.72,2500,51500,8100,41600,29000
20181213,093138,10.76,10.77,10.78,10.79,10.8,900,22100,7000,45300,75177,10.75,10.74,10.73,10.72,10.71,46400,8100,41600,29000,54200
20181213,093141,10.77,10.78,10.79,10.8,10.81,16800,20400,45300,75177,18800,10.76,10.75,10.74,10.73,10.72,2800,61600,8100,41600,29000
20181213,093144,10.77,10.78,10.79,10.8,10.81,10400,20400,45300,75177,18800,10.76,10.75,10.74,10.73,10.72,21200,52500,8100,41600,29000
20181213,093147,10.78,10.79,10.8,10.81,10.82,18400,45300,75177,18800,35600,10.77,10.76,10.75,10.74,10.73,1600,20400,52500,8100,41600
20181213,093150,10.77,10.78,10.79,10.8,10.81,200,600,43500,75177,18800,10.76,10.75,10.74,10.73,10.72,20300,52500,8100,41600,29000
20181213,093153,10.77,10.78,10.79,10.8,10.81,5800,600,43500,73177,18800,10.76,10.75,10.74,10.73,10.72,27700,52500,8100,41600,29000
20181213,093156,10.77,10.79,10.8,10.81,10.82,8700,47500,73177,16300,35600,10.76,10.75,10.74,10.73,10.72,28600,52500,8100,41600,29000
20181213,093159,10.77,10.79,10.8,10.81,10.82,6800,49600,73177,16300,35600,10.76,10.75,10.74,10.73,10.72,26400,52500,8100,41600,29000
20181213,093202,10.77,10.79,10.8,10.81,10.82,6800,60000,73177,16300,35600,10.76,10.75,10.74,10.73,10.72,28000,52500,8100,41600,29000
20181213,093205,10.79,10.8,10.81,10.82,10.83,43600,73177,16300,37600,74600,10.77,10.76,10.75,10.74,10.73,800,28200,52500,8100,41600
20181213,093208,10.77,10.78,10.79,10.8,10.81,27500,4500,51200,73177,16300,10.76,10.75,10.74,10.73,10.72,20600,52500,8100,41600,29000
20181213,093211,10.77,10.78,10.79,10.8,10.81,25400,6500,51200,73177,16300,10.76,10.75,10.74,10.73,10.72,32400,52500,8100,41600,29000
20181213,093214,10.77,10.78,10.79,10.8,10.81,26900,9500,43900,73177,16300,10.76,10.75,10.74,10.73,10.72,35100,52500,8100,41600,29000
20181213,093217,10.77,10.78,10.79,10.8,10.81,24700,9500,43900,73177,16300,10.76,10.75,10.74,10.73,10.72,32900,52500,8100,41600,29000
20181213,093220,10.77,10.78,10.79,10.8,10.81,25200,9500,43900,73177,16300,10.76,10.75,10.74,10.73,10.72,32500,52500,8100,41600,29000
20181213,093223,10.77,10.78,10.79,10.8,10.81,25400,11500,46400,73177,16300,10.76,10.75,10.74,10.73,10.72,32500,53000,8100,41600,29000
20181213,093226,10.77,10.78,10.79,10.8,10.81,25400,11500,46400,73177,16300,10.76,10.75,10.74,10.73,10.72,33100,53000,8100,41600,29000
20181213,093229,10.77,10.78,10.79,10.8,10.81,25500,11500,46400,73177,16300,10.76,10.75,10.74,10.73,10.72,33000,53000,8100,41600,29000
20181213,093232,10.77,10.78,10.79,10.8,10.81,23900,11500,46400,73177,78800,10.76,10.75,10.74,10.73,10.72,27300,53000,8100,41600,29000
20181213,093235,10.77,10.78,10.79,10.8,10.81,23800,11500,46400,73177,78800,10.76,10.75,10.74,10.73,10.72,27000,53000,8100,41600,29000
20181213,093238,10.77,10.78,10.79,10.8,10.81,19700,31700,46400,73177,78800,10.76,10.75,10.74,10.73,10.72,26000,53000,8100,41600,29000
20181213,093241,10.77,10.78,10.79,10.8,10.81,25200,31700,46400,73177,78800,10.76,10.75,10.74,10.73,10.72,27100,53000,8100,41600,29000
20181213,093244,10.77,10.78,10.79,10.8,10.81,18900,31700,36000,73177,78800,10.76,10.75,10.74,10.73,10.72,27100,53000,8100,41600,29000
20181213,093247,10.77,10.78,10.79,10.8,10.81,17900,31700,36000,73177,78800,10.76,10.75,10.74,10.73,10.72,28200,53000,8100,41600,29000
20181213,093250,10.77,10.78,10.79,10.8,10.81,17700,31700,36000,73177,78800,10.76,10.75,10.74,10.73,10.72,28200,53000,8100,41600,29000
20181213,093253,10.77,10.78,10.79,10.8,10.81,28200,31700,36000,73177,78800,10.76,10.75,10.74,10.73,10.72,28200,58000,8100,41600,29000
20181213,093256,10.77,10.78,10.79,10.8,10.81,28200,31700,36000,73177,78800,10.76,10.75,10.74,10.73,10.72,28200,58000,8100,41600,29000
20181213,093259,10.77,10.78,10.79,10.8,10.81,32400,31700,36000,74177,78800,10.76,10.75,10.74,10.73,10.72,27900,58000,8100,41600,29000
20181213,093302,10.77,10.78,10.79,10.8,10.81,27600,31700,42000,74177,78800,10.76,10.75,10.74,10.73,10.72,23800,58000,8100,41600,29000
20181213,093305,10.77,10.78,10.79,10.8,10.81,26300,31700,42300,74177,78800,10.76,10.75,10.74,10.73,10.72,45000,68000,8100,41600,29000
20181213,093308,10.78,10.79,10.8,10.81,10.82,29600,42300,74177,78800,37600,10.76,10.75,10.74,10.73,10.72,46200,68000,8100,41600,29000
20181213,093311,10.78,10.79,10.8,10.81,10.82,28500,42300,74177,78800,37600,10.77,10.76,10.75,10.74,10.73,6300,46500,68000,8100,41600
20181213,093314,10.78,10.79,10.8,10.81,10.82,23000,42300,74177,78800,37600,10.77,10.76,10.75,10.74,10.73,1800,39300,68000,8100,41600
20181213,093317,10.78,10.79,10.8,10.81,10.82,22700,43300,74177,78800,37600,10.77,10.76,10.75,10.74,10.73,5800,39200,68000,8100,41600
20181213,093320,10.78,10.79,10.8,10.81,10.82,22700,43300,74177,78800,37600,10.77,10.76,10.75,10.74,10.73,6200,39100,68000,8100,41600
20181213,093323,10.78,10.79,10.8,10.81,10.82,21300,43300,74177,78800,37600,10.77,10.76,10.75,10.74,10.73,1543,49100,68000,8100,41600
20181213,093326,10.78,10.79,10.8,10.81,10.82,21300,43300,74177,78800,37600,10.77,10.76,10.75,10.74,10.73,343,48500,68000,6100,41600
20181213,093329,10.78,10.79,10.8,10.81,10.82,8600,43300,76877,78800,37600,10.77,10.76,10.75,10.74,10.73,1643,48500,68000,6100,41600
20181213,093332,10.79,10.8,10.81,10.82,10.83,42100,76877,78800,38000,76700,10.78,10.77,10.76,10.75,10.74,1300,2043,48000,68000,6100
20181213,093335,10.78,10.79,10.8,10.81,10.82,7000,42100,76877,78800,38000,10.77,10.76,10.75,10.74,10.73,1243,47500,68000,6100,41600
20181213,093338,10.78,10.79,10.8,10.81,10.82,7300,42100,76877,78800,38000,10.77,10.76,10.75,10.74,10.73,1643,14300,68000,6100,41600
20181213,093341,10.78,10.79,10.8,10.81,10.82,6000,42100,74177,78800,38000,10.76,10.75,10.74,10.73,10.72,10843,68000,6100,41600,29000
20181213,093344,10.77,10.78,10.79,10.8,10.81,800,6000,42100,74177,78800,10.76,10.75,10.74,10.73,10.72,12343,68000,6100,41600,29000
20181213,093347,10.77,10.78,10.79,10.8,10.81,800,6000,41800,74177,78800,10.76,10.75,10.74,10.73,10.72,12343,68000,6100,41600,29000
20181213,093350,10.77,10.78,10.79,10.8,10.81,6600,6000,41800,74177,78800,10.76,10.75,10.74,10.73,10.72,12443,68000,6100,41600,29000
20181213,093353,10.77,10.78,10.79,10.8,10.81,6600,7700,41800,74177,78800,10.76,10.75,10.74,10.73,10.72,12443,68000,6100,41600,29000
20181213,093356,10.77,10.78,10.79,10.8,10.81,6600,7700,40800,74177,78800,10.76,10.75,10.74,10.73,10.72,19643,68000,6100,41600,29000
20181213,093359,10.77,10.78,10.79,10.8,10.81,12400,10700,50100,83177,78800,10.76,10.75,10.74,10.73,10.72,19643,68000,6100,41600,29000
20181213,093402,10.77,10.78,10.79,10.8,10.81,11600,11900,50100,83177,78800,10.76,10.75,10.74,10.73,10.72,22743,68000,6100,41600,29000
20181213,093405,10.77,10.78,10.79,10.8,10.81,11900,11900,50100,83177,78800,10.76,10.75,10.74,10.73,10.72,22343,68000,6100,41600,29000
20181213,093408,10.77,10.78,10.79,10.8,10.81,6600,12900,50100,83177,78800,10.76,10.75,10.74,10.73,10.72,22043,69000,6100,41600,29000
20181213,093411,10.77,10.78,10.79,10.8,10.81,2000,4600,48900,83177,78800,10.76,10.75,10.74,10.73,10.72,22043,69000,6100,41600,29000
20181213,093414,10.78,10.79,10.8,10.81,10.82,3500,48900,83177,78800,40700,10.77,10.76,10.75,10.74,10.73,10600,29043,69000,6100,41600
20181213,093417,10.79,10.8,10.81,10.82,10.83,49900,83177,78800,42700,80100,10.78,10.77,10.76,10.75,10.74,1600,13400,27443,69000,6100
20181213,093420,10.79,10.8,10.81,10.82,10.83,49600,83177,78800,42700,80100,10.78,10.77,10.76,10.75,10.74,4300,12100,26743,69000,6100
20181213,093423,10.79,10.8,10.81,10.82,10.83,49200,83177,78800,43100,80100,10.78,10.77,10.76,10.75,10.74,22300,12100,25843,69000,6100
20181213,093426,10.79,10.8,10.81,10.82,10.83,50200,83177,78800,43100,80100,10.78,10.77,10.76,10.75,10.74,22300,10800,25843,74000,6600
20181213,093429,10.79,10.8,10.81,10.82,10.83,50200,83177,78800,43100,80100,10.78,10.77,10.76,10.75,10.74,22400,10700,25843,74000,6600
20181213,093432,10.79,10.8,10.81,10.82,10.83,28400,83177,78800,43100,80100,10.78,10.77,10.76,10.75,10.74,20800,10700,25843,74000,6600
20181213,093435,10.78,10.79,10.8,10.81,10.82,36800,21300,83177,78800,43100,10.77,10.76,10.75,10.74,10.73,10700,18243,74000,6600,41600
20181213,093438,10.78,10.79,10.8,10.81,10.82,36400,23600,83177,78800,43100,10.77,10.76,10.75,10.74,10.73,11500,18243,74000,6600,41600
20181213,093441,10.78,10.79,10.8,10.81,10.82,29900,25600,83177,78800,43100,10.77,10.76,10.75,10.74,10.73,10700,18243,74000,9600,41600
20181213,093444,10.78,10.79,10.8,10.81,10.82,28400,25600,83177,78800,43100,10.77,10.76,10.75,10.74,10.73,11400,18243,74000,9600,41600
20181213,093447,10.78,10.79,10.8,10.81,10.82,27000,39100,83177,78800,40600,10.77,10.76,10.75,10.74,10.73,8600,18243,74000,9600,41600
20181213,093450,10.78,10.79,10.8,10.81,10.82,25000,42700,88177,78800,31200,10.77,10.76,10.75,10.74,10.73,11900,18243,74000,9600,41600
20181213,093453,10.78,10.79,10.8,10.81,10.82,25800,44700,88177,78800,31200,10.77,10.76,10.75,10.74,10.73,11900,18243,74000,9600,41600
20181213,093456,10.78,10.79,10.8,10.81,10.82,24800,44600,88177,78800,31200,10.77,10.76,10.75,10.74,10.73,11900,18243,74000,9600,41600
20181213,093459,10.78,10.79,10.8,10.81,10.82,24800,44600,88177,78800,31200,10.77,10.76,10.75,10.74,10.73,14000,11243,74000,9600,41600
20181213,093502,10.78,10.79,10.8,10.81,10.82,19200,44600,88177,78800,31200,10.77,10.76,10.75,10.74,10.73,30800,11243,74000,9600,42600
20181213,093505,10.78,10.79,10.8,10.81,10.82,20700,47100,88177,78800,31200,10.77,10.76,10.75,10.74,10.73,30800,11243,74000,9600,42600
20181213,093508,10.78,10.79,10.8,10.81,10.82,15600,47100,97577,78800,31200,10.77,10.76,10.75,10.74,10.73,29700,11243,74000,9600,42600
20181213,093511,10.78,10.79,10.8,10.81,10.82,13800,46800,97577,78800,41200,10.77,10.76,10.75,10.74,10.73,29700,11243,74000,9600,42600
20181213,093514,10.78,10.79,10.8,10.81,10.82,19500,46800,297577,78800,42400,10.77,10.76,10.75,10.74,10.73,29400,11243,74000,9600,42600
20181213,093517,10.78,10.79,10.8,10.81,10.82,16800,46800,297577,78800,42400,10.77,10.76,10.75,10.74,10.73,28000,11243,74000,9600,42600
20181213,093520,10.78,10.79,10.8,10.81,10.82,20700,46800,299377,78800,42400,10.77,10.76,10.75,10.74,10.73,27200,11243,74000,9600,42600
20181213,093523,10.78,10.79,10.8,10.81,10.82,17100,46800,301377,78800,42400,10.77,10.76,10.75,10.74,10.73,26600,11243,74000,9600,42600
20181213,093526,10.78,10.79,10.8,10.81,10.82,17200,46800,301377,78800,42400,10.77,10.76,10.75,10.74,10.73,2100,11243,74000,9600,42600
20181213,093529,10.78,10.79,10.8,10.81,10.82,11300,46800,301377,78800,42400,10.77,10.76,10.75,10.74,10.73,700,11243,74000,9600,42600
20181213,093532,10.77,10.78,10.79,10.8,10.81,8300,15000,46800,301377,78800,10.76,10.75,10.74,10.73,10.72,10743,74000,9600,42600,29000
20181213,093535,10.78,10.79,10.8,10.81,10.82,14300,46800,301377,78800,42400,10.77,10.76,10.75,10.74,10.73,6400,10743,74000,9600,42600
20181213,093538,10.78,10.79,10.8,10.81,10.82,16800,46800,301377,78800,43545,10.77,10.76,10.75,10.74,10.73,6400,10743,74000,9600,42600
20181213,093541,10.78,10.79,10.8,10.81,10.82,8900,46800,301377,78800,33545,10.77,10.76,10.75,10.74,10.73,6000,10743,74000,9600,42600
20181213,093544,10.78,10.79,10.8,10.81,10.82,6700,46800,301377,76300,33545,10.77,10.76,10.75,10.74,10.73,12200,11743,74000,9600,43500
20181213,093547,10.78,10.79,10.8,10.81,10.82,13900,46800,301377,76300,33545,10.77,10.76,10.75,10.74,10.73,11800,11743,74000,9600,43500
20181213,093550,10.78,10.79,10.8,10.81,10.82,14500,47800,301377,76300,33545,10.77,10.76,10.75,10.74,10.73,7400,11743,74000,10100,43500
20181213,093553,10.78,10.79,10.8,10.81,10.82,15200,47800,301377,76300,33545,10.77,10.76,10.75,10.74,10.73,4700,12243,74000,10100,43500
20181213,093556,10.78,10.79,10.8,10.81,10.82,13600,57800,301377,76300,33545,10.77,10.76,10.75,10.74,10.73,4700,21643,74000,10100,43500
20181213,093559,10.78,10.79,10.8,10.81,10.82,12900,55600,301377,76300,33545,10.77,10.76,10.75,10.74,10.73,4800,21643,74000,10100,43500
20181213,093602,10.78,10.79,10.8,10.81,10.82,12900,55600,301377,76300,33545,10.77,10.76,10.75,10.74,10.73,500,21643,74000,10100,43500
20181213,093605,10.78,10.79,10.8,10.81,10.82,11900,58100,301377,76300,33545,10.76,10.75,10.74,10.73,10.72,18943,73500,10100,43500,29000
20181213,093608,10.78,10.79,10.8,10.81,10.82,17500,63100,301377,76300,33545,10.76,10.75,10.74,10.73,10.72,6443,73500,10100,43500,29000
20181213,093611,10.78,10.79,10.8,10.81,10.82,17500,63100,301377,76300,33545,10.76,10.75,10.74,10.73,10.72,9043,73500,10100,43500,29000
20181213,093614,10.79,10.8,10.81,10.82,10.83,58200,301377,76300,33545,84800,10.78,10.77,10.76,10.75,10.74,4000,800,6543,73500,10100
20181213,093617,10.78,10.79,10.8,10.81,10.82,3480,58200,301377,76300,33545,10.77,10.76,10.75,10.74,10.73,4500,6543,73500,10100,43500
20181213,093620,10.77,10.78,10.79,10.8,10.81,4900,1800,61200,301377,76300,10.76,10.75,10.74,10.73,10.72,6143,81400,10100,43500,29000
20181213,093623,10.77,10.78,10.79,10.8,10.81,45200,500,61200,302377,76300,10.76,10.75,10.74,10.73,10.72,6243,81400,10100,43500,29000
20181213,093626,10.77,10.78,10.79,10.8,10.81,45200,500,61200,302377,76300,10.76,10.75,10.74,10.73,10.72,6243,81000,10100,43500,29000
20181213,093629,10.77,10.78,10.79,10.8,10.81,45200,500,61200,302377,77300,10.76,10.75,10.74,10.73,10.72,9843,81000,10100,43500,29000
20181213,093632,10.77,10.78,10.79,10.8,10.81,45200,500,61200,302677,77300,10.76,10.75,10.74,10.73,10.72,7443,81000,10100,43500,29000
20181213,093635,10.77,10.78,10.79,10.8,10.81,45200,500,59200,302677,77300,10.76,10.75,10.74,10.73,10.72,7143,81000,10100,43500,29000
20181213,093638,10.77,10.78,10.79,10.8,10.81,43600,500,59200,302677,77300,10.76,10.75,10.74,10.73,10.72,7043,82000,10100,43500,29000
20181213,093641,10.77,10.78,10.79,10.8,10.81,42500,500,62200,302677,77300,10.76,10.75,10.74,10.73,10.72,8143,82000,10100,43500,29000
20181213,093644,10.77,10.78,10.79,10.8,10.81,60500,2500,62200,302677,77300,10.76,10.75,10.74,10.73,10.72,8143,82000,10100,43500,29000
20181213,093647,10.77,10.78,10.79,10.8,10.81,58700,2500,62200,302677,77300,10.76,10.75,10.74,10.73,10.72,8543,82000,10100,43500,29000
20181213,093650,10.77,10.78,10.79,10.8,10.81,58700,2500,61200,301677,77300,10.76,10.75,10.74,10.73,10.72,8243,82000,10100,43500,29000
20181213,093653,10.76,10.77,10.78,10.79,10.8,26157,58700,2400,66200,301677,10.75,10.74,10.73,10.72,10.71,82000,10100,43500,29000,54400
20181213,093656,10.76,10.77,10.78,10.79,10.8,26157,58700,2400,67200,301677,10.75,10.74,10.73,10.72,10.71,82700,10100,43500,29000,54400
20181213,093702,10.76,10.77,10.78,10.79,10.8,26157,58700,2400,67200,301677,10.75,10.74,10.73,10.72,10.71,82800,10100,43500,29000,54400
20181213,093705,10.76,10.77,10.78,10.79,10.8,26857,58700,2400,67200,301677,10.75,10.74,10.73,10.72,10.71,84100,10100,43500,29000,54400
20181213,093708,10.76,10.77,10.78,10.79,10.8,22957,58700,2400,64700,301677,10.75,10.74,10.73,10.72,10.71,83000,10100,43500,29000,54400
20181213,093711,10.76,10.77,10.78,10.79,10.8,21257,58700,2400,67000,303677,10.75,10.74,10.73,10.72,10.71,75400,10100,43500,29000,54400
20181213,093714,10.76,10.77,10.78,10.79,10.8,20957,58700,2400,67000,303677,10.75,10.74,10.73,10.72,10.71,75400,10100,43500,29000,54400
20181213,093717,10.76,10.77,10.78,10.79,10.8,18157,58700,3900,67000,303677,10.75,10.74,10.73,10.72,10.71,74500,10100,43500,29000,54400
20181213,093720,10.76,10.77,10.78,10.79,10.8,25157,58700,11900,67000,303677,10.75,10.74,10.73,10.72,10.71,74500,10100,43500,29000,54400
20181213,093723,10.76,10.77,10.78,10.79,10.8,2400,58700,11900,67000,303677,10.75,10.74,10.73,10.72,10.71,72900,10100,43500,29000,54400
20181213,093726,10.76,10.77,10.78,10.79,10.8,100,58700,11900,67000,303677,10.75,10.74,10.73,10.72,10.71,79100,10100,43500,29000,54400
20181213,093729,10.77,10.78,10.79,10.8,10.81,58700,11900,67000,303677,77300,10.76,10.75,10.74,10.73,10.72,400,71600,10100,43500,29000
20181213,093732,10.77,10.78,10.79,10.8,10.81,30200,16800,67000,303677,77300,10.76,10.75,10.74,10.73,10.72,900,70800,10100,43500,29700
20181213,093735,10.77,10.78,10.79,10.8,10.81,29100,16800,67000,303677,77300,10.76,10.75,10.74,10.73,10.72,5900,70800,10100,43500,29700
20181213,093738,10.77,10.78,10.79,10.8,10.81,20600,16900,67000,303677,77300,10.76,10.75,10.74,10.73,10.72,4000,70800,10100,43500,29700
20181213,093741,10.77,10.78,10.79,10.8,10.81,2200,16900,67000,303677,77300,10.76,10.75,10.74,10.73,10.72,3700,70800,10100,43500,29700
20181213,093744,10.78,10.79,10.8,10.81,10.82,23700,67000,303677,77300,45045,10.77,10.76,10.75,10.74,10.73,6000,12000,70800,10100,43500
20181213,093747,10.78,10.79,10.8,10.81,10.82,23700,74000,303677,77300,45045,10.77,10.76,10.75,10.74,10.73,7500,12000,71800,10100,43500
20181213,093750,10.78,10.79,10.8,10.81,10.82,23600,74000,303677,77300,45045,10.77,10.76,10.75,10.74,10.73,8600,11300,71800,10100,43500
20181213,093753,10.78,10.79,10.8,10.81,10.82,22400,74000,303677,77300,45045,10.77,10.76,10.75,10.74,10.73,2700,11300,71800,10100,43500
20181213,093756,10.77,10.78,10.79,10.8,10.81,1300,22400,74000,303677,77300,10.76,10.75,10.74,10.73,10.72,3800,71800,10100,43500,29700
20181213,093759,10.77,10.78,10.79,10.8,10.81,1200,27200,74000,303677,77300,10.76,10.75,10.74,10.73,10.72,4500,71800,10100,43500,29700
20181213,093802,10.77,10.78,10.79,10.8,10.81,1100,27200,74000,303677,77300,10.76,10.75,10.74,10.73,10.72,11300,71800,10100,43500,29700
20181213,093805,10.77,10.78,10.79,10.8,10.81,1100,27200,74000,303677,77300,10.76,10.75,10.74,10.73,10.72,11300,71800,10100,43500,29700
20181213,093808,10.78,10.79,10.8,10.81,10.82,77200,75300,303677,77300,45045,10.77,10.76,10.75,10.74,10.73,200,9900,72300,10100,43500
20181213,093811,10.78,10.79,10.8,10.81,10.82,77400,75300,303677,77300,45045,10.76,10.75,10.74,10.73,10.72,2800,72300,10100,43500,32100
20181213,093814,10.78,10.79,10.8,10.81,10.82,77400,75800,303677,77300,45045,10.77,10.76,10.75,10.74,10.73,100,3200,72300,10100,43500
20181213,093817,10.78,10.79,10.8,10.81,10.82,77400,66500,303677,77300,45045,10.76,10.75,10.74,10.73,10.72,3300,72300,10100,43500,32100
20181213,093820,10.77,10.78,10.79,10.8,10.81,100,72700,66500,303677,77300,10.76,10.75,10.74,10.73,10.72,2900,72300,10100,43500,32100
20181213,093823,10.78,10.79,10.8,10.81,10.82,50400,66500,303677,80200,45045,10.76,10.75,10.74,10.73,10.72,2800,72300,10100,43500,32100
20181213,093826,10.78,10.79,10.8,10.81,10.82,50400,66500,303677,80200,45045,10.76,10.75,10.74,10.73,10.72,1800,72300,10100,43500,32100
20181213,093829,10.78,10.79,10.8,10.81,10.82,61600,66500,303677,80200,45045,10.76,10.75,10.74,10.73,10.72,1900,72300,10100,43500,32100
20181213,093832,10.78,10.79,10.8,10.81,10.82,61500,63500,303677,80200,45045,10.76,10.75,10.74,10.73,10.72,200,72300,10100,43500,32100
20181213,093835,10.78,10.79,10.8,10.81,10.82,61500,63200,303677,80200,45045,10.76,10.75,10.74,10.73,10.72,5700,72300,10100,43500,32100
20181213,093838,10.78,10.79,10.8,10.81,10.82,60500,63200,303677,80200,45045,10.76,10.75,10.74,10.73,10.72,5000,72300,10100,43500,32100
20181213,093841,10.77,10.78,10.79,10.8,10.81,20000,258400,63200,303677,80200,10.76,10.75,10.74,10.73,10.72,5000,72600,10100,43500,32100
20181213,093844,10.77,10.78,10.79,10.8,10.81,17800,258900,63200,303677,80200,10.76,10.75,10.74,10.73,10.72,5400,72600,10100,43500,32100
20181213,093847,10.77,10.78,10.79,10.8,10.81,16800,258900,63200,303677,80200,10.76,10.75,10.74,10.73,10.72,5400,72600,10600,43500,32100
20181213,093850,10.77,10.78,10.79,10.8,10.81,15700,258900,63200,303677,80200,10.76,10.75,10.74,10.73,10.72,5400,72600,10600,43500,32100
20181213,093853,10.77,10.78,10.79,10.8,10.81,14100,258900,63200,303677,80200,10.76,10.75,10.74,10.73,10.72,6500,72600,10600,43500,32100
20181213,093856,10.77,10.78,10.79,10.8,10.81,14100,258900,63200,303677,80200,10.76,10.75,10.74,10.73,10.72,7000,72600,10600,43500,32100
20181213,093859,10.78,10.79,10.8,10.81,10.82,258900,63200,303677,80200,45045,10.76,10.75,10.74,10.73,10.72,7000,72600,10600,43500,32100
20181213,093902,10.77,10.78,10.79,10.8,10.81,100,258900,63200,303677,80200,10.76,10.75,10.74,10.73,10.72,7400,72600,10600,43500,32100
20181213,093905,10.77,10.78,10.79,10.8,10.81,100,258900,63200,303677,80200,10.76,10.75,10.74,10.73,10.72,7400,72600,10600,43500,32100
20181213,093908,10.77,10.78,10.79,10.8,10.81,100,258900,63200,303677,80200,10.76,10.75,10.74,10.73,10.72,8500,72600,10600,43500,32100
20181213,093911,10.77,10.78,10.79,10.8,10.81,1100,258900,63200,303677,80200,10.76,10.75,10.74,10.73,10.72,9600,72700,10600,43500,32100
20181213,093914,10.77,10.78,10.79,10.8,10.81,4200,258900,63200,303677,80200,10.76,10.75,10.74,10.73,10.72,9700,72700,10600,43500,32100
20181213,093917,10.76,10.77,10.78,10.79,10.8,16100,4200,249600,63200,303677,10.75,10.74,10.73,10.72,10.71,72700,10600,43500,32100,55400
20181213,093920,10.76,10.77,10.78,10.79,10.8,15000,4200,249600,73200,303677,10.75,10.74,10.73,10.72,10.71,72600,10600,43500,32100,55400
20181213,093923,10.76,10.77,10.78,10.79,10.8,13300,29100,249600,73200,303677,10.75,10.74,10.73,10.72,10.71,72700,10600,43500,32100,55400
20181213,093926,10.76,10.77,10.78,10.79,10.8,13300,38400,249600,73200,304177,10.75,10.74,10.73,10.72,10.71,72300,10600,43500,32100,55400
20181213,093929,10.76,10.77,10.78,10.79,10.8,4700,38400,249600,73200,304177,10.75,10.74,10.73,10.72,10.71,72300,10600,43500,32100,55400
20181213,093932,10.76,10.77,10.78,10.79,10.8,4700,38400,249600,73200,304177,10.75,10.74,10.73,10.72,10.71,72300,10600,43500,32100,55400
20181213,093935,10.76,10.77,10.78,10.79,10.8,4500,40400,249600,73200,304177,10.75,10.74,10.73,10.72,10.71,72000,10600,43500,32100,55400
20181213,093938,10.76,10.77,10.78,10.79,10.8,4600,40400,249600,73200,304177,10.75,10.74,10.73,10.72,10.71,71000,10600,43500,32100,55400
20181213,093941,10.76,10.77,10.78,10.79,10.8,4600,40400,249600,73200,304177,10.75,10.74,10.73,10.72,10.71,69200,10600,43500,32100,55400
20181213,093944,10.76,10.77,10.78,10.79,10.8,4600,40400,249600,73200,304177,10.75,10.74,10.73,10.72,10.71,72200,10600,43500,32100,55400
20181213,093947,10.76,10.77,10.78,10.79,10.8,26100,40400,249600,73200,304177,10.75,10.74,10.73,10.72,10.71,72200,10600,43500,32100,55400
20181213,093950,10.76,10.77,10.78,10.79,10.8,22700,42400,249600,73200,304177,10.75,10.74,10.73,10.72,10.71,72300,10600,43500,32100,55400
20181213,093953,10.76,10.77,10.78,10.79,10.8,20200,42400,249600,73200,304177,10.75,10.74,10.73,10.72,10.71,72000,10600,43500,32100,55400
20181213,093956,10.76,10.77,10.78,10.79,10.8,20200,42400,249600,73200,304177,10.75,10.74,10.73,10.72,10.71,72700,10600,43500,32100,55400
20181213,093959,10.76,10.77,10.78,10.79,10.8,20200,42400,249600,73200,308677,10.75,10.74,10.73,10.72,10.71,30100,10600,43500,32100,60400
20181213,094002,10.76,10.77,10.78,10.79,10.8,20400,42400,249600,73200,308677,10.75,10.74,10.73,10.72,10.71,23600,10600,43500,32100,60400
20181213,094005,10.76,10.77,10.78,10.79,10.8,10500,42400,249600,73200,308677,10.75,10.74,10.73,10.72,10.71,23600,10600,43500,32100,60400
20181213,094008,10.76,10.77,10.78,10.79,10.8,10700,43300,249600,73200,308677,10.75,10.74,10.73,10.72,10.71,21400,18600,43500,32100,60400
20181213,094011,10.76,10.77,10.78,10.79,10.8,10700,43300,249600,73200,308677,10.75,10.74,10.73,10.72,10.71,21000,18600,43500,32100,60400
20181213,094014,10.76,10.77,10.78,10.79,10.8,8100,43300,249600,73200,308677,10.75,10.74,10.73,10.72,10.71,21100,18600,43500,32100,60400
20181213,094017,10.76,10.77,10.78,10.79,10.8,7700,43300,249600,73200,308677,10.75,10.74,10.73,10.72,10.71,21700,18600,43500,32100,60400
20181213,094020,10.76,10.77,10.78,10.79,10.8,7700,43300,249600,73200,308677,10.75,10.74,10.73,10.72,10.71,22200,18600,43500,32100,60400
20181213,094023,10.75,10.76,10.77,10.78,10.79,14300,7600,43300,249600,73200,10.74,10.73,10.72,10.71,10.7,18300,43500,32100,60400,48500
20181213,094026,10.75,10.76,10.77,10.78,10.79,11900,7600,43300,249600,73200,10.74,10.73,10.72,10.71,10.7,19100,43500,32100,10400,48500
20181213,094029,10.75,10.76,10.77,10.78,10.79,10000,7600,43300,249600,75300,10.74,10.73,10.72,10.71,10.7,17700,43500,32100,10400,48500
20181213,094032,10.75,10.76,10.77,10.78,10.79,10000,7600,43300,249600,74300,10.74,10.73,10.72,10.71,10.7,17700,43500,32100,10400,48500
20181213,094035,10.75,10.76,10.77,10.78,10.79,10000,9600,43300,249600,61100,10.74,10.73,10.72,10.71,10.7,17400,43500,32100,10400,48500
20181213,094038,10.75,10.76,10.77,10.78,10.79,10000,9600,43300,249600,61100,10.74,10.73,10.72,10.71,10.7,15800,43500,32100,10400,48500
20181213,094041,10.75,10.76,10.77,10.78,10.79,10200,9600,43300,249600,61100,10.74,10.73,10.72,10.71,10.7,16200,43500,32100,10400,48500
20181213,094044,10.75,10.76,10.77,10.78,10.79,10200,9600,43300,249600,61100,10.74,10.73,10.72,10.71,10.7,16200,43500,32100,10400,48500
20181213,094047,10.75,10.76,10.77,10.78,10.79,9700,9600,43300,249600,61100,10.74,10.73,10.72,10.71,10.7,15200,43500,33500,10400,48500
20181213,094050,10.75,10.76,10.77,10.78,10.79,8600,9600,43300,249600,61100,10.74,10.73,10.72,10.71,10.7,15200,43500,33500,10400,48500
20181213,094053,10.75,10.76,10.77,10.78,10.79,4700,9600,23900,249600,58600,10.74,10.73,10.72,10.71,10.7,25200,43500,33500,10400,48500
20181213,094056,10.75,10.76,10.77,10.78,10.79,4200,9600,23900,249600,58600,10.74,10.73,10.72,10.71,10.7,25800,43500,33500,10400,48500
20181213,094059,10.75,10.76,10.77,10.78,10.79,3800,9600,23900,249600,58600,10.73,10.72,10.71,10.7,10.69,26400,33500,10400,49200,5100
20181213,094102,10.75,10.76,10.77,10.78,10.79,3300,9600,23900,249600,58600,10.73,10.72,10.71,10.7,10.69,44200,33500,10400,49200,4200
20181213,094105,10.75,10.76,10.77,10.78,10.79,3300,7600,26400,249600,58600,10.73,10.72,10.71,10.7,10.69,44200,33500,10400,49200,4200
20181213,094108,10.75,10.76,10.77,10.78,10.79,3300,7600,25800,249600,58600,10.73,10.72,10.71,10.7,10.69,42100,33500,10400,49300,4200
20181213,094111,10.75,10.76,10.77,10.78,10.79,9500,7600,25800,249600,58600,10.73,10.72,10.71,10.7,10.69,41400,33500,10400,49300,4200
20181213,094114,10.75,10.76,10.77,10.78,10.79,9500,7600,26800,249600,58600,10.73,10.72,10.71,10.7,10.69,41400,33500,10400,49300,4200
20181213,094117,10.75,10.76,10.77,10.78,10.79,9300,7600,26800,249600,58600,10.73,10.72,10.71,10.7,10.69,41900,33500,10400,49300,4200
20181213,094120,10.75,10.76,10.77,10.78,10.79,7300,7600,26800,249600,58600,10.73,10.72,10.71,10.7,10.69,41800,33500,10400,49300,4200
20181213,094123,10.75,10.76,10.77,10.78,10.79,4300,9600,26800,249600,58600,10.73,10.72,10.71,10.7,10.69,41600,33500,13400,49300,4200
20181213,094126,10.75,10.76,10.77,10.78,10.79,4300,9600,30300,249600,58600,10.73,10.72,10.71,10.7,10.69,41300,33500,13400,49300,4200
20181213,094129,10.75,10.76,10.77,10.78,10.79,4300,9600,25400,249600,58600,10.73,10.72,10.71,10.7,10.69,41500,53000,14000,49300,4200
20181213,094132,10.75,10.76,10.77,10.78,10.79,4000,9600,25400,249600,58600,10.73,10.72,10.71,10.7,10.69,51500,53000,14000,49300,4200
20181213,094135,10.74,10.75,10.76,10.77,10.78,20000,4000,9600,25400,249600,10.73,10.72,10.71,10.7,10.69,70900,59000,44000,49300,4200
20181213,094138,10.74,10.75,10.76,10.77,10.78,22400,4000,9600,25400,249600,10.73,10.72,10.71,10.7,10.69,69700,59000,44600,49300,4200
20181213,094141,10.74,10.75,10.76,10.77,10.78,22400,4000,14500,25400,249600,10.73,10.72,10.71,10.7,10.69,69600,59000,44600,49300,4200
20181213,094144,10.74,10.75,10.76,10.77,10.78,16700,4000,14500,25400,249600,10.73,10.72,10.71,10.7,10.69,89700,59000,44600,49300,4200
20181213,094147,10.75,10.76,10.77,10.78,10.79,4000,14500,25400,249600,58600,10.74,10.73,10.72,10.71,10.7,4800,97500,59000,44600,49300
20181213,094150,10.76,10.77,10.78,10.79,10.8,14500,25400,249600,58600,308677,10.74,10.73,10.72,10.71,10.7,35200,73700,59000,54600,49300
20181213,094153,10.76,10.77,10.78,10.79,10.8,13100,22900,249600,55900,308677,10.75,10.74,10.73,10.72,10.71,200,44200,66000,59000,54600
20181213,094156,10.76,10.77,10.78,10.79,10.8,53030,22900,249600,55900,309677,10.75,10.74,10.73,10.72,10.71,20000,8600,65900,59500,54600
20181213,094159,10.76,10.77,10.78,10.79,10.8,51030,22900,249600,55900,309677,10.75,10.73,10.72,10.71,10.7,5900,58700,59500,54600,49300
20181213,094202,10.76,10.77,10.78,10.79,10.8,51030,22900,249600,55900,309677,10.75,10.73,10.72,10.71,10.7,12700,50000,59500,54600,49300
20181213,094205,10.76,10.77,10.78,10.79,10.8,51130,22900,249600,55900,309677,10.75,10.73,10.72,10.71,10.7,12600,50000,59500,54600,49300
20181213,094208,10.76,10.77,10.78,10.79,10.8,45830,22900,249600,55900,309677,10.75,10.73,10.72,10.71,10.7,7200,50000,59500,54600,49300
20181213,094211,10.76,10.77,10.78,10.79,10.8,44830,22900,249600,55900,309677,10.75,10.73,10.72,10.71,10.7,7500,50000,59500,54600,50300
20181213,094214,10.76,10.77,10.78,10.79,10.8,43730,25600,249600,55900,309677,10.75,10.73,10.72,10.71,10.7,7500,50000,59500,54600,60300
20181213,094217,10.76,10.77,10.78,10.79,10.8,42230,25600,250600,55900,309677,10.75,10.73,10.72,10.71,10.7,5200,50000,59500,54600,60300
20181213,094220,10.76,10.77,10.78,10.79,10.8,40730,25600,250600,55900,309677,10.75,10.73,10.72,10.71,10.7,4800,50000,59500,54600,60300
20181213,094223,10.76,10.77,10.78,10.79,10.8,41730,25600,250600,55900,309677,10.75,10.73,10.72,10.71,10.7,3300,50000,59500,54600,60300
20181213,094226,10.76,10.77,10.78,10.79,10.8,41330,25600,250600,55900,309677,10.75,10.73,10.72,10.71,10.7,3500,50000,59500,54600,60300
20181213,094229,10.76,10.77,10.78,10.79,10.8,61330,25600,250600,55900,309677,10.75,10.73,10.72,10.71,10.7,3500,50000,59500,54600,60300
20181213,094232,10.76,10.77,10.78,10.79,10.8,61330,25600,250600,55900,309677,10.75,10.73,10.72,10.71,10.7,4300,50000,59500,54600,60300
20181213,094235,10.76,10.77,10.78,10.79,10.8,59430,25600,250600,55900,309677,10.75,10.73,10.72,10.71,10.7,2900,50000,59500,54600,60300
20181213,094238,10.77,10.78,10.79,10.8,10.81,25600,250600,55900,309677,80200,10.75,10.73,10.72,10.71,10.7,28370,30600,59500,54600,60300
20181213,094241,10.76,10.77,10.78,10.79,10.8,200,25600,250600,55900,309677,10.75,10.73,10.72,10.71,10.7,28670,30600,59500,54600,60300
20181213,094244,10.77,10.78,10.79,10.8,10.81,25600,250600,55900,309677,80200,10.76,10.75,10.73,10.72,10.71,3300,30270,30600,59500,54600
20181213,094247,10.77,10.78,10.79,10.8,10.81,24700,250600,55900,309677,80200,10.75,10.73,10.72,10.71,10.7,28400,30600,59500,54600,60300
20181213,094250,10.77,10.78,10.79,10.8,10.81,22900,250600,55900,309677,80200,10.76,10.75,10.73,10.72,10.71,1500,40800,35600,59500,54600
20181213,094253,10.77,10.78,10.79,10.8,10.81,17800,250600,55900,309677,80200,10.76,10.75,10.74,10.73,10.72,1400,40600,2000,35600,59500
20181213,094256,10.77,10.78,10.79,10.8,10.81,17800,250600,55900,318677,80200,10.76,10.75,10.74,10.73,10.72,3400,39200,2000,35600,59500
20181213,094259,10.76,10.77,10.78,10.79,10.8,26500,17800,250600,55900,318677,10.75,10.74,10.73,10.72,10.71,39200,2000,35600,59500,54600
20181213,094302,10.76,10.77,10.78,10.79,10.8,27300,17800,251600,55900,318677,10.75,10.74,10.73,10.72,10.71,40000,2000,35600,59500,54600
20181213,094305,10.76,10.77,10.78,10.79,10.8,27300,18300,251600,55900,318677,10.75,10.74,10.73,10.72,10.71,40000,2000,35600,59500,54600
20181213,094308,10.76,10.77,10.78,10.79,10.8,27300,18300,251600,55900,319677,10.75,10.74,10.73,10.72,10.71,40100,2000,35600,59500,54600
20181213,094311,10.76,10.77,10.78,10.79,10.8,26500,19600,251600,55900,319677,10.75,10.74,10.73,10.72,10.71,40100,2000,35600,59500,54600
20181213,094314,10.76,10.77,10.78,10.79,10.8,25500,19600,251600,55900,319677,10.75,10.74,10.73,10.72,10.71,39900,2000,35600,59500,54600
20181213,094317,10.75,10.76,10.77,10.78,10.79,10100,25200,19600,251600,55900,10.74,10.73,10.72,10.71,10.7,2000,35600,60200,54600,59600
20181213,094320,10.75,10.76,10.77,10.78,10.79,200,25200,19600,251600,55900,10.74,10.73,10.72,10.71,10.7,1300,35600,60200,54600,59600
20181213,094323,10.75,10.76,10.77,10.78,10.79,200,25200,19600,251100,55900,10.74,10.73,10.72,10.71,10.7,1300,35600,60200,54600,59600
20181213,094326,10.75,10.76,10.77,10.78,10.79,200,25200,19600,251100,55900,10.74,10.73,10.72,10.71,10.7,20800,35600,60200,54600,59600
20181213,094329,10.76,10.77,10.78,10.79,10.8,25100,19600,251200,55900,320577,10.74,10.73,10.72,10.71,10.7,16800,35600,60200,54600,59600
20181213,094332,10.76,10.77,10.78,10.79,10.8,25000,21600,251200,55900,320577,10.74,10.73,10.72,10.71,10.7,16800,35600,60200,54600,59600
20181213,094335,10.76,10.77,10.78,10.79,10.8,23400,21600,251200,55900,320577,10.74,10.73,10.72,10.71,10.7,16800,35600,60200,54600,59600
20181213,094338,10.76,10.77,10.78,10.79,10.8,23400,21600,251200,55900,320577,10.74,10.73,10.72,10.71,10.7,16800,35600,60200,54600,59600
20181213,094341,10.76,10.77,10.78,10.79,10.8,23900,21600,251200,55900,320577,10.74,10.73,10.72,10.71,10.7,16800,35600,60200,54600,60000
20181213,094344,10.76,10.77,10.78,10.79,10.8,23900,25100,251200,55900,320677,10.74,10.73,10.72,10.71,10.7,16400,35600,60200,54600,60000
20181213,094347,10.76,10.77,10.78,10.79,10.8,23900,25100,251200,55900,320677,10.74,10.73,10.72,10.71,10.7,15200,35600,60200,54600,60000
20181213,094350,10.76,10.77,10.78,10.79,10.8,23900,25100,251200,55900,320677,10.74,10.73,10.72,10.71,10.7,16600,35600,60200,54600,60000
20181213,094353,10.76,10.77,10.78,10.79,10.8,21500,25100,251200,55900,320677,10.74,10.73,10.72,10.71,10.7,16600,35600,60200,54600,60000
20181213,094356,10.76,10.77,10.78,10.79,10.8,19400,25100,251200,55900,320677,10.74,10.73,10.72,10.71,10.7,17700,36600,60200,54600,60000
20181213,094359,10.76,10.77,10.78,10.79,10.8,17200,25100,251200,55900,320677,10.74,10.73,10.72,10.71,10.7,37200,37400,60200,54600,60000
20181213,094402,10.76,10.77,10.78,10.79,10.8,17100,25100,251200,55900,320677,10.74,10.73,10.72,10.71,10.7,37000,37400,60200,54600,60000
20181213,094405,10.76,10.77,10.78,10.79,10.8,17100,25100,251700,55900,320677,10.74,10.73,10.72,10.71,10.7,37300,37800,60200,54600,60000
20181213,094408,10.76,10.77,10.78,10.79,10.8,17300,85100,251700,55900,320677,10.74,10.73,10.72,10.71,10.7,37300,37800,60200,54600,60000
20181213,094411,10.75,10.76,10.77,10.78,10.79,100,18200,85100,251700,54900,10.74,10.73,10.72,10.71,10.7,36800,37800,60200,54600,60000
20181213,094414,10.75,10.76,10.77,10.78,10.79,100,18200,85100,251700,54900,10.74,10.73,10.72,10.71,10.7,36600,37800,60200,54600,60000
20181213,094417,10.76,10.77,10.78,10.79,10.8,24300,85100,251700,54900,320677,10.74,10.73,10.72,10.71,10.7,36500,37800,60200,54600,60100
20181213,094420,10.76,10.77,10.78,10.79,10.8,21900,85100,251700,54900,320677,10.74,10.73,10.72,10.71,10.7,38700,37800,60200,54600,60100
20181213,094423,10.75,10.76,10.77,10.78,10.79,800,21900,85100,251700,54900,10.74,10.73,10.72,10.71,10.7,29900,39800,60200,54600,60100
20181213,094426,10.76,10.77,10.78,10.79,10.8,19900,85100,251700,54900,320677,10.74,10.73,10.72,10.71,10.7,29900,39800,60200,54600,60100
20181213,094429,10.76,10.77,10.78,10.79,10.8,18600,85100,251700,54900,320677,10.74,10.73,10.72,10.71,10.7,29400,39800,60200,54600,60100
20181213,094432,10.76,10.77,10.78,10.79,10.8,18600,85100,251700,54900,320677,10.74,10.73,10.72,10.71,10.7,23600,39800,60200,54600,60100
20181213,094438,10.76,10.77,10.78,10.79,10.8,18600,85100,251700,54900,320677,10.74,10.73,10.72,10.71,10.7,23200,39800,60200,54600,60100
20181213,094441,10.75,10.76,10.77,10.78,10.79,200,20600,85100,251700,54900,10.74,10.73,10.72,10.71,10.7,21692,39800,60200,54600,60100
20181213,094444,10.76,10.77,10.78,10.79,10.8,19300,85100,251700,74900,320677,10.74,10.73,10.72,10.71,10.7,21192,39800,60200,54600,60100
20181213,094447,10.76,10.77,10.78,10.79,10.8,16400,85100,251700,74900,320677,10.74,10.73,10.72,10.71,10.7,21292,39800,60200,54600,60100
20181213,094450,10.76,10.77,10.78,10.79,10.8,14000,85100,251700,74900,320677,10.74,10.73,10.72,10.71,10.7,21392,39800,60200,54600,63100
20181213,094453,10.76,10.77,10.78,10.79,10.8,13800,85100,251700,74900,320677,10.74,10.73,10.72,10.71,10.7,30492,39800,60200,54600,63100
20181213,094456,10.76,10.77,10.78,10.79,10.8,13900,85100,251700,74900,320777,10.74,10.73,10.72,10.71,10.7,30492,39800,60200,54600,63100
20181213,094459,10.76,10.77,10.78,10.79,10.8,13900,85100,251700,74900,320777,10.74,10.73,10.72,10.71,10.7,10592,39800,60200,54600,63100
20181213,094502,10.76,10.77,10.78,10.79,10.8,13700,85100,251700,74900,320777,10.75,10.74,10.73,10.72,10.71,200,35992,39800,60200,54600
20181213,094505,10.76,10.77,10.78,10.79,10.8,33700,85100,251700,74900,320777,10.75,10.74,10.73,10.72,10.71,200,35292,39800,60200,54600
20181213,094508,10.76,10.77,10.78,10.79,10.8,33700,85100,251700,74900,320777,10.75,10.74,10.73,10.72,10.71,1300,34600,39800,60200,54600
20181213,094511,10.76,10.77,10.78,10.79,10.8,33700,85100,251700,74900,320777,10.75,10.74,10.73,10.72,10.71,20500,34500,39800,61200,54600
20181213,094514,10.76,10.77,10.78,10.79,10.8,33700,85100,251700,74900,320777,10.75,10.74,10.73,10.72,10.71,20500,34500,40800,61200,54600
20181213,094517,10.76,10.77,10.78,10.79,10.8,29600,85100,251700,74900,320777,10.75,10.74,10.73,10.72,10.71,20400,34500,40800,61200,54600
20181213,094520,10.76,10.77,10.78,10.79,10.8,28200,85100,251700,74900,320777,10.75,10.74,10.73,10.72,10.71,20500,34500,40800,61200,54600
20181213,094523,10.76,10.77,10.78,10.79,10.8,26700,85100,251700,74900,320777,10.75,10.74,10.73,10.72,10.71,41600,34500,40800,61200,54600
20181213,094526,10.75,10.76,10.77,10.78,10.79,8700,26700,85100,251700,74900,10.74,10.73,10.72,10.71,10.7,34500,40800,61200,54600,63100
20181213,094529,10.75,10.76,10.77,10.78,10.79,9000,26700,85100,251700,74900,10.74,10.73,10.72,10.71,10.7,34493,40800,61200,54600,63100
20181213,094532,10.75,10.76,10.77,10.78,10.79,1300,26700,85100,251700,74900,10.74,10.73,10.72,10.71,10.7,54593,40800,61200,54600,63100
20181213,094538,10.75,10.76,10.77,10.78,10.79,1300,26700,85100,251700,74900,10.74,10.73,10.72,10.71,10.7,54275,40800,61200,54600,63100
20181213,094541,10.75,10.76,10.77,10.78,10.79,1200,26700,85100,251700,74900,10.74,10.73,10.72,10.71,10.7,54275,40800,61200,54600,63100
20181213,094544,10.75,10.76,10.77,10.78,10.79,900,26700,85100,251700,74900,10.74,10.73,10.72,10.71,10.7,51775,40800,61200,54600,63100
20181213,094547,10.76,10.77,10.78,10.79,10.8,24600,85100,251700,74900,320777,10.74,10.73,10.72,10.71,10.7,50375,40800,61200,54600,63100
20181213,094550,10.76,10.77,10.78,10.79,10.8,22900,85100,251700,74900,320777,10.74,10.73,10.72,10.71,10.7,50575,40800,61200,54600,63100
20181213,094553,10.76,10.77,10.78,10.79,10.8,20600,85100,251700,74900,320777,10.74,10.73,10.72,10.71,10.7,50532,40800,61200,54600,63100
20181213,094556,10.76,10.77,10.78,10.79,10.8,20600,85100,251700,74900,320777,10.74,10.73,10.72,10.71,10.7,54132,40800,61200,54600,63100
20181213,094559,10.76,10.77,10.78,10.79,10.8,20600,85100,251700,74900,320777,10.74,10.73,10.72,10.71,10.7,73632,40800,61200,54600,63100
20181213,094602,10.76,10.77,10.78,10.79,10.8,20300,85100,251700,74900,320777,10.74,10.73,10.72,10.71,10.7,72832,40800,61200,54600,63100
20181213,094605,10.76,10.77,10.78,10.79,10.8,20300,85100,251700,74900,320777,10.75,10.74,10.73,10.72,10.71,200,72832,40800,61200,54600
20181213,094608,10.76,10.77,10.78,10.79,10.8,20300,85100,251700,74900,320777,10.75,10.74,10.73,10.72,10.71,900,46632,40800,61200,54600
20181213,094611,10.76,10.77,10.78,10.79,10.8,20300,85100,251700,74900,320777,10.75,10.74,10.73,10.72,10.71,900,46732,40800,61200,54600
20181213,094614,10.76,10.77,10.78,10.79,10.8,20300,85100,251700,74900,320777,10.75,10.74,10.73,10.72,10.71,400,46732,40800,61200,54600
20181213,094617,10.76,10.77,10.78,10.79,10.8,18500,85100,251700,74900,320777,10.75,10.74,10.73,10.72,10.71,400,46732,40800,61200,54600
20181213,094620,10.76,10.77,10.78,10.79,10.8,16400,85100,251700,74900,320777,10.75,10.74,10.73,10.72,10.71,99,46732,40800,61200,54600
20181213,094623,10.76,10.77,10.78,10.79,10.8,19000,85100,251700,74900,320777,10.75,10.74,10.73,10.72,10.71,25300,46531,40900,61200,54600
20181213,094626,10.76,10.77,10.78,10.79,10.8,16800,85100,251700,74900,320777,10.75,10.74,10.73,10.72,10.71,25400,46531,40900,61200,54600
20181213,094629,10.76,10.77,10.78,10.79,10.8,16800,85100,251700,74900,320777,10.75,10.74,10.73,10.72,10.71,25400,46531,40900,61200,54600
20181213,094632,10.75,10.76,10.77,10.78,10.79,23800,16800,85100,251700,74900,10.74,10.73,10.72,10.71,10.7,27131,40900,61200,54600,63100
20181213,094635,10.75,10.76,10.77,10.78,10.79,19300,16800,85100,251700,74900,10.74,10.73,10.72,10.71,10.7,66031,40900,61200,54600,63100
20181213,094638,10.75,10.76,10.77,10.78,10.79,19300,16800,85100,251700,74900,10.74,10.73,10.72,10.71,10.7,65631,40900,61200,54600,63100
20181213,094641,10.75,10.76,10.77,10.78,10.79,19500,16800,85100,251700,74900,10.74,10.73,10.72,10.71,10.7,65631,40900,61200,54600,63200
20181213,094644,10.75,10.76,10.77,10.78,10.79,19500,16800,85100,251700,74900,10.74,10.73,10.72,10.71,10.7,65231,40900,61200,54600,63200
20181213,094647,10.75,10.76,10.77,10.78,10.79,17400,16800,85100,251700,74900,10.74,10.73,10.72,10.71,10.7,65231,40900,61200,54600,63200
20181213,094650,10.75,10.76,10.77,10.78,10.79,16200,16800,85100,251700,74900,10.74,10.73,10.72,10.71,10.7,64831,40900,61200,54600,63200
20181213,094653,10.75,10.76,10.77,10.78,10.79,16300,16800,86200,251700,74900,10.74,10.73,10.72,10.71,10.7,61131,40900,61200,54600,63200
20181213,094656,10.75,10.76,10.77,10.78,10.79,14800,16800,86200,251700,74900,10.74,10.73,10.72,10.71,10.7,60731,40900,61200,54600,63200
20181213,094659,10.75,10.76,10.77,10.78,10.79,10600,16800,86200,251700,74900,10.74,10.73,10.72,10.71,10.7,41957,40900,61200,54600,63200
20181213,094702,10.75,10.76,10.77,10.78,10.79,10300,16800,86200,251700,74900,10.74,10.73,10.72,10.71,10.7,42257,40900,61200,54900,63200
20181213,094705,10.75,10.76,10.77,10.78,10.79,10300,16800,86200,251700,74900,10.74,10.73,10.72,10.71,10.7,38557,40900,61200,54900,63200
20181213,094708,10.75,10.76,10.77,10.78,10.79,9200,16800,86200,251700,74900,10.74,10.73,10.72,10.71,10.7,38557,40900,61200,54900,63200
20181213,094711,10.75,10.76,10.77,10.78,10.79,9300,16800,86200,251700,74900,10.74,10.73,10.72,10.71,10.7,37834,40900,61200,54900,63200
20181213,094714,10.75,10.76,10.77,10.78,10.79,8100,16800,86200,251700,74900,10.74,10.73,10.72,10.71,10.7,37134,42900,61200,54900,63200
20181213,094717,10.75,10.76,10.77,10.78,10.79,5300,16800,86200,251700,74900,10.74,10.73,10.72,10.71,10.7,37434,42900,61200,54900,63200
20181213,094720,10.75,10.76,10.77,10.78,10.79,3200,16800,85100,251700,74900,10.74,10.73,10.72,10.71,10.7,37344,42900,61200,54900,63200
20181213,094723,10.75,10.76,10.77,10.78,10.79,2100,16800,82400,251700,74900,10.74,10.73,10.72,10.71,10.7,36944,42900,61200,54900,63200
20181213,094726,10.75,10.76,10.77,10.78,10.79,2100,16800,82400,251700,74900,10.74,10.73,10.72,10.71,10.7,36444,42900,60700,54900,63200
20181213,094729,10.75,10.76,10.77,10.78,10.79,2000,19500,82400,251700,74900,10.74,10.73,10.72,10.71,10.7,37101,42900,60700,54900,63200
20181213,094732,10.75,10.76,10.77,10.78,10.79,2000,19500,82400,251700,74900,10.74,10.73,10.72,10.71,10.7,37001,42900,60700,54900,63200
20181213,094735,10.75,10.76,10.77,10.78,10.79,2000,19500,82400,251700,74900,10.74,10.73,10.72,10.71,10.7,4100,42900,60700,54900,63200
20181213,094738,10.75,10.76,10.77,10.78,10.79,1300,19500,81900,251700,74900,10.74,10.73,10.72,10.71,10.7,4060,42900,60700,54900,63200
20181213,094741,10.76,10.77,10.78,10.79,10.8,19500,81900,251700,74900,324777,10.75,10.74,10.73,10.72,10.71,900,4560,42900,60700,54900
20181213,094744,10.76,10.77,10.78,10.79,10.8,20100,81900,251700,74900,324777,10.75,10.74,10.73,10.72,10.71,4700,1700,42900,60700,54900
20181213,094747,10.76,10.77,10.78,10.79,10.8,29200,81900,251700,74900,324777,10.75,10.74,10.73,10.72,10.71,4600,1700,42900,60700,54900
20181213,094750,10.76,10.77,10.78,10.79,10.8,22900,81900,251700,74900,324777,10.74,10.73,10.72,10.71,10.7,500,42900,60700,54900,63200
20181213,094753,10.76,10.77,10.78,10.79,10.8,19800,81900,251700,74900,324777,10.74,10.73,10.72,10.71,10.7,500,42900,60700,54900,63200
20181213,094756,10.75,10.76,10.77,10.78,10.79,300,18800,81900,251700,74900,10.74,10.73,10.72,10.71,10.7,3492,42900,60700,54900,65200
20181213,094759,10.75,10.76,10.77,10.78,10.79,300,8600,81900,251700,74900,10.74,10.73,10.72,10.71,10.7,3424,42900,60700,54900,65200
20181213,094802,10.75,10.76,10.77,10.78,10.79,5300,8600,81900,251700,74900,10.74,10.73,10.72,10.71,10.7,3924,42900,60700,54900,65200
20181213,094805,10.75,10.76,10.77,10.78,10.79,5600,8600,81900,251700,74900,10.74,10.73,10.72,10.71,10.7,3924,42900,60700,54900,65200
20181213,094808,10.75,10.76,10.77,10.78,10.79,5400,8600,83000,251700,74900,10.74,10.73,10.72,10.71,10.7,3924,42900,60700,54900,65200
20181213,094811,10.75,10.76,10.77,10.78,10.79,5400,8600,83000,251700,74900,10.74,10.73,10.72,10.71,10.7,2714,42900,60700,54900,65200
20181213,094814,10.75,10.76,10.77,10.78,10.79,4300,8600,83000,251700,74900,10.74,10.73,10.72,10.71,10.7,2514,41900,60700,54900,65200
20181213,094817,10.75,10.76,10.77,10.78,10.79,1800,8600,83000,251700,74900,10.74,10.73,10.72,10.71,10.7,2414,41900,60700,54900,65200
20181213,094820,10.77,10.78,10.79,10.8,10.81,83000,251700,74900,324777,81200,10.76,10.74,10.73,10.72,10.71,4500,2414,41900,60700,54900
20181213,094823,10.76,10.77,10.78,10.79,10.8,12800,93300,251700,74900,324777,10.74,10.73,10.72,10.71,10.7,2414,41900,60700,54900,65200
20181213,094826,10.76,10.77,10.78,10.79,10.8,12800,93300,251700,74900,324777,10.74,10.73,10.72,10.71,10.7,4424,41900,60700,54900,65200
20181213,094829,10.76,10.77,10.78,10.79,10.8,11200,93300,251700,74900,324777,10.75,10.74,10.73,10.72,10.71,200,4224,41900,60700,54900
20181213,094832,10.76,10.77,10.78,10.79,10.8,15800,93300,251700,74900,324777,10.74,10.73,10.72,10.71,10.7,2524,41900,60700,55900,65200
20181213,094835,10.76,10.77,10.78,10.79,10.8,15800,93300,251700,74900,324777,10.74,10.73,10.72,10.71,10.7,19220,41100,60700,55900,65100
20181213,094838,10.75,10.76,10.77,10.78,10.79,1200,15800,93300,251700,74900,10.74,10.73,10.72,10.71,10.7,19920,41100,60700,55900,65100
20181213,094841,10.75,10.76,10.77,10.78,10.79,2300,15100,93300,251700,74900,10.74,10.73,10.72,10.71,10.7,19020,41100,60700,55900,65100
20181213,094844,10.75,10.76,10.77,10.78,10.79,2300,15100,93300,251700,74900,10.74,10.73,10.72,10.71,10.7,11920,41100,60700,55900,65100
20181213,094847,10.75,10.76,10.77,10.78,10.79,5200,15100,93300,251700,74900,10.74,10.73,10.72,10.71,10.7,14108,41100,60700,55900,65100
20181213,094850,10.75,10.76,10.77,10.78,10.79,3900,15100,93300,251700,74900,10.74,10.73,10.72,10.71,10.7,14070,41100,60700,55900,65100
20181213,094853,10.75,10.76,10.77,10.78,10.79,1200,15100,93300,251700,74900,10.74,10.73,10.72,10.71,10.7,14070,42100,60700,55900,65100
20181213,094856,10.75,10.76,10.77,10.78,10.79,1200,15100,93300,251700,74900,10.74,10.73,10.72,10.71,10.7,13470,42100,60700,55900,65100
20181213,094859,10.75,10.76,10.77,10.78,10.79,1200,15100,93300,251700,74900,10.74,10.73,10.72,10.71,10.7,13470,42100,60700,55900,65100
20181213,094902,10.75,10.76,10.77,10.78,10.79,1200,15100,93300,251700,74900,10.74,10.73,10.72,10.71,10.7,14070,42100,60700,55900,65100
20181213,094905,10.75,10.76,10.77,10.78,10.79,1200,15100,93300,251700,74900,10.74,10.73,10.72,10.71,10.7,17170,42100,60700,55900,65100
20181213,094908,10.75,10.76,10.77,10.78,10.79,1200,15100,93300,251700,74900,10.74,10.73,10.72,10.71,10.7,16970,42100,60700,55900,65100
20181213,094911,10.75,10.76,10.77,10.78,10.79,1200,15100,93300,251700,74900,10.74,10.73,10.72,10.71,10.7,16570,42100,60700,55900,65100
20181213,094914,10.76,10.77,10.78,10.79,10.8,14800,93300,251700,74900,324777,10.74,10.73,10.72,10.71,10.7,15370,42100,60700,55900,65100
20181213,094917,10.76,10.77,10.78,10.79,10.8,21700,93300,251700,74900,324777,10.74,10.73,10.72,10.71,10.7,18370,42100,60700,55900,65100
20181213,094920,10.76,10.77,10.78,10.79,10.8,21700,93300,251700,74900,324777,10.75,10.74,10.73,10.72,10.71,3000,70170,44100,60700,55900
20181213,094923,10.76,10.77,10.78,10.79,10.8,15900,83000,251700,74900,324777,10.75,10.74,10.73,10.72,10.71,3900,68670,44100,60700,55900
20181213,094926,10.76,10.77,10.78,10.79,10.8,14600,83000,251700,74900,324777,10.75,10.74,10.73,10.72,10.71,4500,67970,44100,60700,55900
20181213,094929,10.76,10.77,10.78,10.79,10.8,13600,83000,251700,74900,324777,10.75,10.74,10.73,10.72,10.71,4500,67670,44100,60700,55900
20181213,094932,10.76,10.77,10.78,10.79,10.8,13600,83000,251700,74900,324777,10.75,10.74,10.73,10.72,10.71,4600,67670,44100,60700,55900
20181213,094935,10.76,10.77,10.78,10.79,10.8,13600,83000,251700,74900,324777,10.75,10.74,10.73,10.72,10.71,4600,67770,47100,60700,55900
20181213,094938,10.76,10.77,10.78,10.79,10.8,13600,83000,251700,74900,324777,10.75,10.74,10.73,10.72,10.71,5100,67770,47100,60700,55900
20181213,094941,10.76,10.77,10.78,10.79,10.8,43800,83000,251700,74900,324777,10.75,10.74,10.73,10.72,10.71,4500,67770,47100,60700,55900
20181213,094944,10.76,10.77,10.78,10.79,10.8,43500,83000,251700,74900,324777,10.75,10.74,10.73,10.72,10.71,3100,67770,47100,60700,55900
20181213,094947,10.76,10.77,10.78,10.79,10.8,43400,83000,251800,74900,324777,10.75,10.74,10.73,10.72,10.71,22300,67770,47100,60700,55900
20181213,094950,10.76,10.77,10.78,10.79,10.8,39400,83000,251800,74900,324777,10.75,10.74,10.73,10.72,10.71,22300,67770,47100,60700,55900
20181213,094953,10.76,10.77,10.78,10.79,10.8,38300,83000,251800,74900,324777,10.75,10.74,10.73,10.72,10.71,22000,67770,47100,60700,55900
20181213,094956,10.76,10.77,10.78,10.79,10.8,37900,83000,251800,74900,324777,10.75,10.74,10.73,10.72,10.71,16600,67770,47100,60700,55900
20181213,094959,10.76,10.77,10.78,10.79,10.8,37700,83000,251800,74900,324777,10.75,10.74,10.73,10.72,10.71,16100,67770,47100,60700,55900
20181213,095002,10.76,10.77,10.78,10.79,10.8,34700,83000,251800,74900,324777,10.75,10.74,10.73,10.72,10.71,14400,67770,47100,60700,55900
20181213,095005,10.76,10.77,10.78,10.79,10.8,34800,83000,251800,74900,330577,10.75,10.74,10.73,10.72,10.71,13770,67770,47100,60700,55900
20181213,095008,10.76,10.77,10.78,10.79,10.8,34900,83000,251800,74900,330577,10.75,10.74,10.73,10.72,10.71,13470,67770,47100,60700,55900
20181213,095011,10.76,10.77,10.78,10.79,10.8,34900,83000,251800,74900,330577,10.75,10.74,10.73,10.72,10.71,12570,67770,47100,60700,55900
20181213,095014,10.76,10.77,10.78,10.79,10.8,35400,83000,251800,74900,330577,10.75,10.74,10.73,10.72,10.71,12570,67770,47100,60000,55900
20181213,095017,10.76,10.77,10.78,10.79,10.8,34100,83000,251800,74900,330577,10.75,10.74,10.73,10.72,10.71,11970,67770,47100,60000,55900
20181213,095020,10.76,10.77,10.78,10.79,10.8,32600,83000,251800,74900,330577,10.75,10.74,10.73,10.72,10.71,11970,15970,47100,60000,55900
20181213,095023,10.76,10.77,10.78,10.79,10.8,29700,83000,251800,74900,330577,10.75,10.74,10.73,10.72,10.71,13970,15470,47100,60000,55900
20181213,095026,10.76,10.77,10.78,10.79,10.8,29700,83000,251800,74900,330577,10.75,10.74,10.73,10.72,10.71,12970,15470,47100,60000,55900
20181213,095029,10.76,10.77,10.78,10.79,10.8,29700,83000,251800,74900,330577,10.75,10.74,10.73,10.72,10.71,12670,15470,47800,60000,55900
20181213,095032,10.76,10.77,10.78,10.79,10.8,29700,83000,251800,74900,330577,10.75,10.74,10.73,10.72,10.71,12770,15470,47800,60000,55900
20181213,095035,10.76,10.77,10.78,10.79,10.8,29800,83000,251800,74900,330577,10.75,10.74,10.73,10.72,10.71,14270,15870,47800,60000,55900
20181213,095038,10.76,10.77,10.78,10.79,10.8,26800,83000,251800,74900,330577,10.75,10.74,10.73,10.72,10.71,14659,15870,47800,60000,55900
20181213,095041,10.76,10.77,10.78,10.79,10.8,27000,83000,251800,74900,330577,10.75,10.74,10.73,10.72,10.71,14259,15870,47800,60000,55900
20181213,095044,10.76,10.77,10.78,10.79,10.8,26700,83100,251800,74900,330577,10.75,10.74,10.73,10.72,10.71,14359,15870,47800,60000,55900
20181213,095047,10.76,10.77,10.78,10.79,10.8,23100,83100,251800,74900,330577,10.75,10.74,10.73,10.72,10.71,4900,15870,47800,60000,55900
20181213,095050,10.76,10.77,10.78,10.79,10.8,21900,83100,251800,74900,330577,10.75,10.74,10.73,10.72,10.71,3200,15870,47800,60000,55900
20181213,095053,10.76,10.77,10.78,10.79,10.8,21700,83100,251800,74900,330577,10.75,10.74,10.73,10.72,10.71,3200,15870,47800,58600,55900
20181213,095056,10.76,10.77,10.78,10.79,10.8,21700,83100,251800,74900,330577,10.75,10.74,10.73,10.72,10.71,3000,15870,47800,58600,55900
20181213,095059,10.76,10.77,10.78,10.79,10.8,21700,83100,251800,74900,330577,10.75,10.74,10.73,10.72,10.71,2700,15870,49200,58600,55900
20181213,095102,10.76,10.77,10.78,10.79,10.8,23600,83100,251800,74900,326077,10.75,10.74,10.73,10.72,10.71,2100,15870,49200,58600,55900
20181213,095105,10.76,10.77,10.78,10.79,10.8,23600,83100,251800,74900,332377,10.75,10.74,10.73,10.72,10.71,2100,15870,49200,58600,55900
20181213,095108,10.76,10.77,10.78,10.79,10.8,23600,83100,251800,74900,332377,10.75,10.74,10.73,10.72,10.71,1800,15870,49200,58600,55900
20181213,095111,10.75,10.76,10.77,10.78,10.79,3814,23600,83100,251800,74900,10.74,10.73,10.72,10.71,10.7,15570,49200,58600,55900,69800
20181213,095114,10.75,10.76,10.77,10.78,10.79,2414,23600,83100,251800,74900,10.74,10.73,10.72,10.71,10.7,15570,49200,58600,55900,69800
20181213,095117,10.76,10.77,10.78,10.79,10.8,23314,83100,251800,74900,332377,10.74,10.73,10.72,10.71,10.7,15370,49200,58600,55900,69800
20181213,095120,10.76,10.77,10.78,10.79,10.8,21814,83100,251800,74900,332377,10.74,10.73,10.72,10.71,10.7,15370,49200,58600,55900,69800
20181213,095123,10.76,10.77,10.78,10.79,10.8,21814,83100,251800,74900,332377,10.74,10.73,10.72,10.71,10.7,14970,49200,58600,55900,69800
20181213,095126,10.75,10.76,10.77,10.78,10.79,2000,21814,83100,251800,74900,10.74,10.73,10.72,10.71,10.7,16470,49200,58600,55900,69800
20181213,095129,10.75,10.76,10.77,10.78,10.79,2100,21814,83100,251800,74900,10.74,10.73,10.72,10.71,10.7,16170,49200,58600,55900,69800
20181213,095132,10.75,10.76,10.77,10.78,10.79,2100,21814,83100,251800,74900,10.74,10.73,10.72,10.71,10.7,12500,49200,58600,55900,69800
20181213,095138,10.75,10.76,10.77,10.78,10.79,2100,21814,83100,251800,74900,10.74,10.73,10.72,10.71,10.7,10800,49200,58600,55900,69800
20181213,095141,10.75,10.76,10.77,10.78,10.79,2400,21814,83100,251800,74900,10.74,10.73,10.72,10.71,10.7,5700,49200,58600,55900,69800
20181213,095144,10.75,10.76,10.77,10.78,10.79,5400,21814,83100,251800,74900,10.74,10.73,10.72,10.71,10.7,9051,49200,59600,55900,69800
20181213,095147,10.75,10.76,10.77,10.78,10.79,4100,21814,83100,251800,74900,10.74,10.73,10.72,10.71,10.7,8451,49200,59600,55900,69800
20181213,095150,10.75,10.76,10.77,10.78,10.79,1300,21814,83100,251800,74900,10.74,10.73,10.72,10.71,10.7,8851,49200,59600,55900,69800
20181213,095153,10.75,10.76,10.77,10.78,10.79,1100,21814,83100,251800,74900,10.74,10.73,10.72,10.71,10.7,8851,49200,59600,55900,69800
20181213,095156,10.76,10.77,10.78,10.79,10.8,21614,83100,251800,74900,332377,10.74,10.73,10.72,10.71,10.7,8151,49200,59600,55900,69800
20181213,095159,10.76,10.77,10.78,10.79,10.8,21614,83100,251800,74900,332377,10.74,10.73,10.72,10.71,10.7,7851,49200,59600,55900,70800
20181213,095202,10.76,10.77,10.78,10.79,10.8,21314,83100,251800,74900,332377,10.75,10.74,10.73,10.72,10.71,300,6851,49200,59600,55900
20181213,095205,10.74,10.76,10.77,10.78,10.79,31449,21514,83100,251800,74900,10.73,10.72,10.71,10.7,10.69,49200,59600,55900,70800,3600
20181213,095208,10.74,10.76,10.77,10.78,10.79,31849,21514,83100,251800,74900,10.73,10.72,10.71,10.7,10.69,49900,59600,55900,70800,3600
20181213,095211,10.74,10.76,10.77,10.78,10.79,32149,21514,83100,251800,74900,10.73,10.72,10.71,10.7,10.69,65900,59600,55900,70800,3600
20181213,095214,10.74,10.76,10.77,10.78,10.79,29549,21514,83100,251800,77800,10.73,10.72,10.71,10.7,10.69,66582,59600,55900,70800,3600
20181213,095217,10.74,10.76,10.77,10.78,10.79,27849,21514,83100,251800,77800,10.73,10.72,10.71,10.7,10.69,66582,59600,55900,70800,3600
20181213,095220,10.74,10.76,10.77,10.78,10.79,26549,21514,83100,251800,77800,10.73,10.72,10.71,10.7,10.69,65182,59600,55900,70800,3600
20181213,095223,10.74,10.76,10.77,10.78,10.79,26549,21514,83100,251800,77800,10.73,10.72,10.71,10.7,10.69,65282,59600,55900,70800,3600
20181213,095226,10.74,10.76,10.77,10.78,10.79,26549,21514,83100,251800,77800,10.73,10.72,10.71,10.7,10.69,64682,59600,55900,70800,3600
20181213,095229,10.74,10.76,10.77,10.78,10.79,26549,21514,83100,251800,77800,10.73,10.72,10.71,10.7,10.69,64882,59600,55900,70800,3600
20181213,095232,10.74,10.76,10.77,10.78,10.79,26349,21514,83100,251800,77800,10.73,10.72,10.71,10.7,10.69,63846,58600,55900,70800,3600
20181213,095235,10.74,10.76,10.77,10.78,10.79,26349,21514,83100,251800,77800,10.73,10.72,10.71,10.7,10.69,63820,58600,55900,70800,3600
20181213,095238,10.74,10.76,10.77,10.78,10.79,26349,21514,83100,251800,77800,10.73,10.72,10.71,10.7,10.69,63120,58600,55900,70800,3600
20181213,095241,10.74,10.76,10.77,10.78,10.79,26549,21514,83100,251800,77800,10.73,10.72,10.71,10.7,10.69,63020,58600,55900,70800,3600
20181213,095244,10.74,10.76,10.77,10.78,10.79,26549,21514,83100,251800,77800,10.73,10.72,10.71,10.7,10.69,63120,58600,55900,70800,3600
20181213,095247,10.74,10.76,10.77,10.78,10.79,24649,21514,83100,253800,77800,10.73,10.72,10.71,10.7,10.69,62920,59300,55900,70800,3600
20181213,095250,10.74,10.76,10.77,10.78,10.79,22049,21514,83100,253800,77800,10.73,10.72,10.71,10.7,10.69,62918,59300,55900,70800,3600
20181213,095253,10.74,10.76,10.77,10.78,10.79,20949,21514,82100,253800,77800,10.73,10.72,10.71,10.7,10.69,62918,59300,55900,70800,3600
20181213,095256,10.74,10.76,10.77,10.78,10.79,20449,21514,82100,253800,77800,10.73,10.72,10.71,10.7,10.69,64118,59300,55900,70800,4600
20181213,095259,10.74,10.76,10.77,10.78,10.79,20649,21514,82100,253800,77800,10.73,10.72,10.71,10.7,10.69,64818,59300,55900,70800,4600
20181213,095302,10.74,10.76,10.77,10.78,10.79,20349,21514,82100,253800,77800,10.73,10.72,10.71,10.7,10.69,62018,59300,55900,70800,4600
20181213,095305,10.74,10.76,10.77,10.78,10.79,20349,22514,82100,253800,77800,10.73,10.72,10.71,10.7,10.69,62018,59300,55900,70800,4600
20181213,095308,10.74,10.76,10.77,10.78,10.79,20349,22514,82100,253800,77800,10.73,10.72,10.71,10.7,10.69,62164,59300,55900,70800,4600
20181213,095311,10.74,10.76,10.77,10.78,10.79,20349,22514,82100,253800,77800,10.73,10.72,10.71,10.7,10.69,121064,59300,55900,70800,4600
20181213,095314,10.74,10.76,10.77,10.78,10.79,20149,22514,82100,253800,77800,10.73,10.72,10.71,10.7,10.69,120464,59300,55900,70800,4600
20181213,095317,10.74,10.76,10.77,10.78,10.79,19749,22514,82100,253800,77800,10.73,10.72,10.71,10.7,10.69,120164,59300,55900,70800,4600
20181213,095320,10.74,10.76,10.77,10.78,10.79,19949,22514,82100,253800,77800,10.73,10.72,10.71,10.7,10.69,118164,59300,55900,70800,9600
20181213,095323,10.74,10.76,10.77,10.78,10.79,15949,22514,82100,253800,77800,10.73,10.72,10.71,10.7,10.69,118164,59300,55900,70800,9600
20181213,095326,10.74,10.76,10.77,10.78,10.79,14649,22514,79600,253800,77800,10.73,10.72,10.71,10.7,10.69,118364,59300,55900,70800,9600
20181213,095329,10.74,10.76,10.77,10.78,10.79,11349,22514,79600,253800,77800,10.73,10.72,10.71,10.7,10.69,117964,59300,61700,70800,9600
20181213,095332,10.74,10.76,10.77,10.78,10.79,11349,24914,79600,253800,77800,10.73,10.72,10.71,10.7,10.69,117964,59300,61700,70800,9600
20181213,095335,10.74,10.76,10.77,10.78,10.79,11349,24914,79600,253800,77800,10.73,10.72,10.71,10.7,10.69,117916,59300,61700,70800,9600
20181213,095338,10.74,10.76,10.77,10.78,10.79,11349,24914,79600,253800,77800,10.73,10.72,10.71,10.7,10.69,117716,59300,61700,70800,9600
20181213,095341,10.74,10.76,10.77,10.78,10.79,11549,24914,79600,253800,77800,10.73,10.72,10.71,10.7,10.69,116816,59300,61700,70800,9600
20181213,095344,10.74,10.76,10.77,10.78,10.79,11549,24914,79600,253800,77800,10.73,10.72,10.71,10.7,10.69,118316,59300,61700,70800,9600
20181213,095347,10.74,10.76,10.77,10.78,10.79,7749,24914,79600,253800,77800,10.73,10.72,10.71,10.7,10.69,116662,59300,61700,70800,9600
20181213,095350,10.74,10.76,10.77,10.78,10.79,7449,24914,79600,253800,77800,10.73,10.72,10.71,10.7,10.69,116662,59300,61700,70800,9600
20181213,095353,10.74,10.76,10.77,10.78,10.79,5949,24914,79500,253800,77800,10.73,10.72,10.71,10.7,10.69,116162,59300,61700,70800,9600
20181213,095356,10.74,10.76,10.77,10.78,10.79,5849,24914,80500,253800,77800,10.73,10.72,10.71,10.7,10.69,115762,59300,63700,70800,9600
20181213,095359,10.74,10.76,10.77,10.78,10.79,5849,24914,80500,253800,77800,10.73,10.72,10.71,10.7,10.69,115462,59300,64700,70800,9600
20181213,095402,10.74,10.76,10.77,10.78,10.79,8649,24914,80500,253800,77800,10.73,10.72,10.71,10.7,10.69,114762,59500,64700,70800,9600
20181213,095405,10.74,10.75,10.76,10.77,10.78,8849,100,24814,80500,253800,10.73,10.72,10.71,10.7,10.69,114562,59500,64700,72400,9600
20181213,095408,10.74,10.75,10.76,10.77,10.78,9149,100,24814,80500,253800,10.73,10.72,10.71,10.7,10.69,114262,59500,64700,74400,9600
20181213,095411,10.74,10.75,10.76,10.77,10.78,9149,100,24814,80500,253800,10.73,10.72,10.71,10.7,10.69,54862,59500,64700,74400,9600
20181213,095414,10.74,10.75,10.76,10.77,10.78,7749,100,24814,80500,253800,10.73,10.72,10.71,10.7,10.69,54560,69500,64700,74400,9600
20181213,095417,10.74,10.75,10.76,10.77,10.78,4849,5800,24814,80500,253800,10.73,10.72,10.71,10.7,10.69,53953,69500,64700,74400,9600
20181213,095420,10.74,10.75,10.76,10.77,10.78,4849,5800,27314,80500,267000,10.73,10.72,10.71,10.7,10.69,53553,69500,64700,74400,9600
20181213,095423,10.74,10.75,10.76,10.77,10.78,3349,5800,27314,80500,267000,10.73,10.72,10.71,10.7,10.69,54053,69500,64700,74400,9600
20181213,095426,10.74,10.75,10.76,10.77,10.78,3349,5800,27314,80500,267000,10.73,10.72,10.71,10.7,10.69,53742,69500,64700,74400,9600
20181213,095429,10.74,10.75,10.76,10.77,10.78,3349,5800,27314,110700,267000,10.73,10.72,10.71,10.7,10.69,52742,69500,64700,74400,9600
20181213,095432,10.74,10.75,10.76,10.77,10.78,3349,5800,27314,110700,267000,10.73,10.72,10.71,10.7,10.69,52842,69500,64700,74400,9600
20181213,095435,10.75,10.76,10.77,10.78,10.79,5800,27314,110700,267000,77800,10.74,10.73,10.72,10.71,10.7,3151,52842,69500,64700,74400
20181213,095438,10.75,10.76,10.77,10.78,10.79,1606,27314,110700,267000,77800,10.73,10.72,10.71,10.7,10.69,49342,69500,64700,74400,9600
20181213,095441,10.76,10.77,10.78,10.79,10.8,27314,110700,267000,77800,385477,10.75,10.74,10.73,10.72,10.71,1294,3000,48142,69500,64700
20181213,095444,10.76,10.77,10.78,10.79,10.8,27314,110700,267000,77800,385477,10.75,10.74,10.73,10.72,10.71,1200,1000,47842,69500,64700
20181213,095447,10.76,10.77,10.78,10.79,10.8,26314,110700,267000,77800,385477,10.75,10.74,10.73,10.72,10.71,400,1000,47742,69500,64700
20181213,095450,10.76,10.77,10.78,10.79,10.8,25114,110700,267000,77800,385477,10.74,10.73,10.72,10.71,10.7,1000,44884,69500,64700,74400
20181213,095453,10.76,10.77,10.78,10.79,10.8,22014,110700,267000,77800,385477,10.74,10.73,10.72,10.71,10.7,978,44884,69500,64400,74400
20181213,095456,10.76,10.77,10.78,10.79,10.8,22114,110700,267000,77800,385477,10.73,10.72,10.71,10.7,10.69,43862,69500,64400,74400,9600
20181213,095459,10.76,10.77,10.78,10.79,10.8,20914,110700,267000,77800,385477,10.73,10.72,10.71,10.7,10.69,43862,69500,64400,74400,9600
20181213,095502,10.76,10.77,10.78,10.79,10.8,20914,110700,267000,77800,385477,10.73,10.72,10.71,10.7,10.69,43551,69500,64400,74400,9600
20181213,095505,10.76,10.77,10.78,10.79,10.8,20914,110700,267000,77800,385477,10.73,10.72,10.71,10.7,10.69,102651,69500,64700,74400,9600
20181213,095508,10.76,10.77,10.78,10.79,10.8,20914,110700,267000,77800,385477,10.73,10.72,10.71,10.7,10.69,102614,69500,64700,74400,9600
20181213,095511,10.76,10.77,10.78,10.79,10.8,20914,116400,267000,77800,385477,10.73,10.72,10.71,10.7,10.69,102384,69500,64700,74400,9600
20181213,095514,10.75,10.76,10.77,10.78,10.79,1700,20914,116400,267000,77800,10.73,10.72,10.71,10.7,10.69,102384,69500,64700,74400,9600
20181213,095517,10.76,10.77,10.78,10.79,10.8,20214,116400,267000,77800,385477,10.73,10.72,10.71,10.7,10.69,103184,69500,64700,74400,9600
20181213,095520,10.76,10.77,10.78,10.79,10.8,20014,116400,267000,77800,385477,10.73,10.72,10.71,10.7,10.69,102268,69500,64700,74400,9600
20181213,095523,10.76,10.77,10.78,10.79,10.8,21114,116400,267000,77800,385477,10.73,10.72,10.71,10.7,10.69,101868,69500,64700,74400,9600
20181213,095526,10.76,10.77,10.78,10.79,10.8,20114,116400,267000,77800,385477,10.74,10.73,10.72,10.71,10.7,500,101667,69500,64700,74400
20181213,095529,10.75,10.76,10.77,10.78,10.79,2700,15914,116400,267000,77800,10.74,10.73,10.72,10.71,10.7,1500,79167,69500,64700,74400
20181213,095532,10.75,10.76,10.77,10.78,10.79,2700,15914,116400,267000,77800,10.74,10.73,10.72,10.71,10.7,2288,78367,69500,64700,74400
20181213,095535,10.75,10.76,10.77,10.78,10.79,2700,15914,119000,267000,77800,10.74,10.73,10.72,10.71,10.7,2288,78367,69500,64700,74400
20181213,095538,10.75,10.76,10.77,10.78,10.79,2700,15914,119000,267000,77800,10.74,10.73,10.72,10.71,10.7,2067,78267,69500,64700,74400
20181213,095541,10.75,10.76,10.77,10.78,10.79,2900,15914,119000,267000,77800,10.74,10.73,10.72,10.71,10.7,567,78267,69500,64700,74400
20181213,095544,10.75,10.76,10.77,10.78,10.79,2900,15914,119000,267000,77800,10.74,10.73,10.72,10.71,10.7,100,83267,69500,64700,74400
20181213,095547,10.74,10.75,10.76,10.77,10.78,200,1300,18714,119000,267000,10.73,10.72,10.71,10.7,10.69,81867,69500,64700,74600,10600
20181213,095550,10.76,10.77,10.78,10.79,10.8,22714,119000,267000,77800,385477,10.73,10.72,10.71,10.7,10.69,88667,69500,62700,74600,10600
20181213,095553,10.76,10.77,10.78,10.79,10.8,20314,119000,267000,77800,385477,10.73,10.72,10.71,10.7,10.69,88267,69500,62700,74600,11200
20181213,095559,10.76,10.77,10.78,10.79,10.8,19714,119000,267000,77800,385477,10.73,10.72,10.71,10.7,10.69,87667,69500,62700,74600,11200
20181213,095602,10.76,10.77,10.78,10.79,10.8,19714,119000,267000,77800,385477,10.73,10.72,10.71,10.7,10.69,93367,69500,62700,75100,11200
20181213,095605,10.76,10.77,10.78,10.79,10.8,19914,119000,267000,77800,385477,10.73,10.72,10.71,10.7,10.69,93367,69500,62700,75100,11200
20181213,095608,10.76,10.77,10.78,10.79,10.8,19914,119000,267000,77800,385477,10.73,10.72,10.71,10.7,10.69,93067,69500,62700,75100,11200
20181213,095614,10.75,10.76,10.77,10.78,10.79,3700,20014,119000,267000,77800,10.73,10.72,10.71,10.7,10.69,92367,69500,62700,75100,11200
20181213,095617,10.75,10.76,10.77,10.78,10.79,2200,20014,119000,267000,77800,10.73,10.72,10.71,10.7,10.69,93867,69500,62700,75100,11200
20181213,095620,10.76,10.77,10.78,10.79,10.8,17914,119000,267000,77800,385477,10.73,10.72,10.71,10.7,10.69,93867,69500,62700,75100,11200
20181213,095623,10.76,10.77,10.78,10.79,10.8,17614,119000,267000,77800,385477,10.73,10.72,10.71,10.7,10.69,93867,69500,62700,75100,11200
20181213,095626,10.76,10.77,10.78,10.79,10.8,16914,119000,267000,77800,385477,10.74,10.73,10.72,10.71,10.7,3100,93867,69500,62700,75100
20181213,095629,10.75,10.76,10.77,10.78,10.79,1800,16914,119000,267000,77800,10.74,10.73,10.72,10.71,10.7,64900,27167,69500,62700,75100
20181213,095632,10.75,10.76,10.77,10.78,10.79,2600,16914,119000,267000,77800,10.74,10.73,10.72,10.71,10.7,66500,25667,69500,62700,75100
20181213,095635,10.75,10.76,10.77,10.78,10.79,2600,16814,119000,267000,77800,10.74,10.73,10.72,10.71,10.7,66500,25667,69500,62700,75100
20181213,095638,10.75,10.76,10.77,10.78,10.79,2600,16814,119000,267000,77800,10.74,10.73,10.72,10.71,10.7,66800,25567,69500,63100,75100
20181213,095641,10.75,10.76,10.77,10.78,10.79,22600,16814,119000,267000,77800,10.74,10.73,10.72,10.71,10.7,66785,25567,69500,63100,75100
20181213,095644,10.75,10.76,10.77,10.78,10.79,22500,21314,119000,267000,77800,10.74,10.73,10.72,10.71,10.7,66485,25567,69500,63100,75100
20181213,095647,10.75,10.76,10.77,10.78,10.79,18800,21314,119000,267000,77800,10.74,10.73,10.72,10.71,10.7,66385,25567,68800,63100,75100
20181213,095650,10.75,10.76,10.77,10.78,10.79,17800,21314,119000,267500,77800,10.74,10.73,10.72,10.71,10.7,66685,25567,68800,63100,75100
20181213,095653,10.75,10.76,10.77,10.78,10.79,13100,21314,119000,267500,76800,10.74,10.73,10.72,10.71,10.7,78885,27267,68800,63100,75100
20181213,095656,10.75,10.76,10.77,10.78,10.79,13100,21314,119000,267500,76800,10.74,10.73,10.72,10.71,10.7,78585,27267,68800,63100,75100
20181213,095659,10.75,10.76,10.77,10.78,10.79,13100,21314,119000,267500,76800,10.74,10.73,10.72,10.71,10.7,78285,27967,68800,63100,75100
20181213,095702,10.75,10.76,10.77,10.78,10.79,13100,21314,119000,267500,76800,10.74,10.73,10.72,10.71,10.7,77280,27967,68800,63100,75100
20181213,095705,10.75,10.76,10.77,10.78,10.79,13100,22214,119000,267000,76800,10.74,10.73,10.72,10.71,10.7,77280,27967,68800,63100,75100
20181213,095708,10.75,10.76,10.77,10.78,10.79,12900,22214,119000,267000,76800,10.74,10.73,10.72,10.71,10.7,76780,27967,68800,63100,75100
20181213,095711,10.75,10.76,10.77,10.78,10.79,4500,22214,119000,267000,76800,10.74,10.73,10.72,10.71,10.7,76480,27967,69800,63100,75100
20181213,095714,10.75,10.76,10.77,10.78,10.79,1000,22214,119000,267000,76800,10.74,10.73,10.72,10.71,10.7,76480,27967,69800,63100,75100
20181213,095717,10.76,10.77,10.78,10.79,10.8,21414,119000,267000,76800,385477,10.75,10.74,10.73,10.72,10.71,2500,76180,27967,69800,63100
20181213,095720,10.76,10.77,10.78,10.79,10.8,19014,119000,267000,76800,385477,10.75,10.74,10.73,10.72,10.71,4400,72980,27967,69800,63100
20181213,095723,10.76,10.77,10.78,10.79,10.8,15314,119000,267000,76800,385477,10.75,10.74,10.73,10.72,10.71,3100,72980,27967,69800,63100
20181213,095726,10.76,10.77,10.78,10.79,10.8,10314,119000,267000,76800,385477,10.75,10.74,10.73,10.72,10.71,1600,72980,27967,69800,63100
20181213,095729,10.76,10.77,10.78,10.79,10.8,9114,119000,267000,76800,385477,10.75,10.74,10.73,10.72,10.71,60500,13780,27967,69800,63100
20181213,095732,10.76,10.77,10.78,10.79,10.8,9014,119000,267000,76800,385477,10.75,10.74,10.73,10.72,10.71,62400,13780,27967,69800,63100
20181213,095735,10.76,10.77,10.78,10.79,10.8,8914,119000,267000,76800,385477,10.75,10.74,10.73,10.72,10.71,62400,13780,27967,69800,63100
20181213,095738,10.76,10.77,10.78,10.79,10.8,8414,119000,267000,76800,385477,10.75,10.74,10.73,10.72,10.71,62100,13780,27967,69800,63100
20181213,095741,10.76,10.77,10.78,10.79,10.8,8514,119000,267000,76800,385477,10.75,10.74,10.73,10.72,10.71,62100,13780,27967,69800,63100
20181213,095744,10.76,10.77,10.78,10.79,10.8,7514,119000,267000,76800,385477,10.75,10.74,10.73,10.72,10.71,60900,13780,27967,69800,63100
20181213,095747,10.76,10.77,10.78,10.79,10.8,4814,119000,267000,76800,385477,10.75,10.74,10.73,10.72,10.71,60297,13780,27967,69800,63100
20181213,095750,10.76,10.77,10.78,10.79,10.8,17914,119000,267000,76800,386977,10.75,10.74,10.73,10.72,10.71,60297,13780,27967,69800,63400
20181213,095753,10.76,10.77,10.78,10.79,10.8,13814,119000,267000,76800,386977,10.75,10.74,10.73,10.72,10.71,60297,13780,27967,69800,63400
20181213,095756,10.76,10.77,10.78,10.79,10.8,5114,119000,267000,76800,386977,10.75,10.74,10.73,10.72,10.71,59590,1180,27967,69800,63400
20181213,095759,10.77,10.78,10.79,10.8,10.81,119000,267000,76800,386977,81200,10.76,10.75,10.74,10.73,10.72,1586,59290,1180,27967,69800
20181213,095802,10.77,10.78,10.79,10.8,10.81,117400,267000,76800,386977,81200,10.76,10.75,10.74,10.73,10.72,1000,57790,1180,29567,69800
20181213,095805,10.77,10.78,10.79,10.8,10.81,85200,267000,76800,386977,81200,10.76,10.75,10.74,10.73,10.72,18100,57790,1180,29567,69800
20181213,095808,10.77,10.78,10.79,10.8,10.81,86800,267000,76800,386977,81200,10.76,10.75,10.74,10.73,10.72,19200,57790,1580,32567,69800
20181213,095811,10.77,10.78,10.79,10.8,10.81,85500,267000,76800,386977,81200,10.76,10.75,10.74,10.73,10.72,17900,57790,1580,32567,69800
20181213,095814,10.77,10.78,10.79,10.8,10.81,71900,267000,79400,386977,81200,10.76,10.75,10.74,10.73,10.72,17700,57790,1580,32567,69800
20181213,095817,10.77,10.78,10.79,10.8,10.81,53800,267000,79400,386977,81200,10.76,10.75,10.74,10.73,10.72,16700,57790,1580,32467,69800
20181213,095820,10.77,10.78,10.79,10.8,10.81,14500,267000,79400,386977,81200,10.76,10.75,10.74,10.73,10.72,26800,57790,1580,32467,69800
20181213,095823,10.78,10.79,10.8,10.81,10.82,245200,85400,386977,81200,29245,10.76,10.75,10.74,10.73,10.72,26300,57790,1580,32867,73800
20181213,095826,10.78,10.79,10.8,10.81,10.82,226800,85400,386977,81200,29245,10.77,10.76,10.75,10.74,10.73,1800,28300,57790,1580,32867
20181213,095829,10.78,10.79,10.8,10.81,10.82,167400,85400,386977,81200,29245,10.77,10.76,10.75,10.74,10.73,100,5800,400,1580,32867
20181213,095832,10.78,10.79,10.8,10.81,10.82,17300,85400,387177,81200,29245,10.77,10.76,10.75,10.74,10.73,68800,4900,400,1580,32767
20181213,095835,10.79,10.8,10.81,10.82,10.83,86400,387177,81200,29245,88900,10.78,10.77,10.76,10.75,10.74,1000,68800,4900,400,1580
20181213,095838,10.79,10.8,10.81,10.82,10.83,86400,387177,81200,29245,88900,10.78,10.77,10.76,10.75,10.74,7800,64400,4900,400,1580
20181213,095841,10.79,10.8,10.81,10.82,10.83,81100,387177,81200,29245,88900,10.78,10.77,10.76,10.75,10.74,500,60200,4900,400,1580
20181213,095844,10.79,10.8,10.81,10.82,10.83,80100,387177,81200,24245,89200,10.78,10.77,10.76,10.75,10.74,3100,60200,4900,400,3580
20181213,095847,10.79,10.8,10.81,10.82,10.83,79800,397177,81200,24245,89200,10.78,10.77,10.76,10.75,10.74,2600,54400,4900,400,63580
20181213,095850,10.79,10.8,10.81,10.82,10.83,70700,397177,81200,24245,89200,10.78,10.77,10.76,10.75,10.74,400,48600,4900,400,63580
20181213,095853,10.79,10.8,10.81,10.82,10.83,69600,397177,81200,24245,89200,10.78,10.77,10.76,10.75,10.74,9900,48600,4900,400,63580
20181213,095856,10.79,10.8,10.81,10.82,10.83,69600,397177,81200,24245,89200,10.78,10.77,10.76,10.75,10.74,9900,48600,4900,400,63580
20181213,095859,10.79,10.8,10.81,10.82,10.83,66300,397177,81200,24245,89200,10.78,10.77,10.76,10.75,10.74,7000,48600,4900,400,63580
20181213,095902,10.78,10.79,10.8,10.81,10.82,22200,66300,397177,81200,24245,10.77,10.76,10.75,10.74,10.73,47600,4900,400,63580,33667
20181213,095905,10.78,10.79,10.8,10.81,10.82,22200,65400,397177,81200,24245,10.77,10.76,10.75,10.74,10.73,49200,4900,400,63580,33667
20181213,095908,10.79,10.8,10.81,10.82,10.83,29100,397177,81200,24245,89200,10.78,10.77,10.76,10.75,10.74,14800,49000,4900,400,63580
20181213,095911,10.79,10.8,10.81,10.82,10.83,29200,397177,81200,26245,89200,10.78,10.77,10.76,10.75,10.74,15200,59200,4900,400,63580
20181213,095914,10.79,10.8,10.81,10.82,10.83,29200,397777,81200,26245,89200,10.78,10.77,10.76,10.75,10.74,15900,57800,4900,400,63580
20181213,095917,10.78,10.79,10.8,10.81,10.82,79900,21600,397777,81200,26245,10.77,10.76,10.75,10.74,10.73,57800,4900,400,63580,33667
20181213,095920,10.78,10.79,10.8,10.81,10.82,74000,22600,397777,81200,26245,10.77,10.76,10.75,10.74,10.73,60900,4900,400,64080,33667
20181213,095923,10.78,10.79,10.8,10.81,10.82,73600,20600,397777,81200,26245,10.77,10.76,10.75,10.74,10.73,60900,4900,2400,64080,33667
20181213,095926,10.78,10.79,10.8,10.81,10.82,73600,21300,397777,81200,26245,10.77,10.76,10.75,10.74,10.73,60600,4900,3400,64080,34667
20181213,095929,10.78,10.79,10.8,10.81,10.82,73600,21300,397777,81200,26245,10.77,10.76,10.75,10.74,10.73,55400,4900,3400,64080,34667
20181213,095932,10.77,10.78,10.79,10.8,10.81,31100,73600,21300,397777,81200,10.76,10.75,10.74,10.73,10.72,4900,6400,64080,34667,73800
20181213,095935,10.77,10.78,10.79,10.8,10.81,31100,73600,26300,397777,81200,10.76,10.75,10.74,10.73,10.72,4900,6400,64080,34667,73800
20181213,095938,10.78,10.79,10.8,10.81,10.82,73600,26300,397777,81200,26445,10.77,10.76,10.75,10.74,10.73,30900,4900,6400,64080,35167
20181213,095941,10.78,10.79,10.8,10.81,10.82,24600,28300,397777,81200,26445,10.76,10.75,10.74,10.73,10.72,4900,6400,64080,35167,73800
20181213,095944,10.78,10.79,10.8,10.81,10.82,24600,28300,397777,81200,26445,10.76,10.75,10.74,10.73,10.72,5700,7700,64080,35767,73800
20181213,095947,10.76,10.78,10.79,10.8,10.81,30700,24700,31300,397777,81200,10.75,10.74,10.73,10.72,10.71,7700,64080,36767,73800,63400
20181213,095950,10.76,10.78,10.79,10.8,10.81,29400,24700,31300,397777,81200,10.75,10.74,10.73,10.72,10.71,8400,64080,36767,73800,63400
20181213,095953,10.76,10.78,10.79,10.8,10.81,27600,24700,31300,397777,81200,10.75,10.74,10.73,10.72,10.71,8400,64080,38467,73800,63400
20181213,095956,10.76,10.78,10.79,10.8,10.81,27600,24700,31300,397777,81200,10.75,10.74,10.73,10.72,10.71,3800,64080,38467,73800,63400
20181213,095959,10.76,10.78,10.79,10.8,10.81,25600,24700,31300,397777,81200,10.75,10.74,10.73,10.72,10.71,3400,64080,38467,73800,63400
20181213,100002,10.76,10.78,10.79,10.8,10.81,21800,25500,31300,397777,81200,10.75,10.74,10.73,10.72,10.71,2000,64080,38467,73800,63400
20181213,100005,10.76,10.78,10.79,10.8,10.81,19900,25500,31300,397777,81200,10.75,10.74,10.73,10.72,10.71,3500,64080,38467,73800,63400
20181213,100008,10.76,10.78,10.79,10.8,10.81,20100,25200,31400,391977,81200,10.75,10.74,10.73,10.72,10.71,47500,64080,38467,73800,63400
20181213,100011,10.76,10.78,10.79,10.8,10.81,50500,25200,31400,391777,81200,10.75,10.74,10.73,10.72,10.71,52000,78080,38467,73800,63400
20181213,100014,10.76,10.78,10.79,10.8,10.81,50600,25200,31400,391777,81200,10.75,10.74,10.73,10.72,10.71,51700,78080,36867,73800,63400
20181213,100017,10.76,10.78,10.79,10.8,10.81,49200,25200,31400,391777,81200,10.75,10.74,10.73,10.72,10.71,51200,78080,36867,73800,63400
20181213,100020,10.76,10.78,10.79,10.8,10.81,45300,25200,32500,385977,81200,10.75,10.74,10.73,10.72,10.71,52000,78080,36867,73800,63400
20181213,100023,10.76,10.78,10.79,10.8,10.81,12000,25200,32500,385977,81200,10.75,10.74,10.73,10.72,10.71,52000,78080,36367,73800,63400
20181213,100026,10.76,10.78,10.79,10.8,10.81,4600,25200,92500,385977,81200,10.75,10.74,10.73,10.72,10.71,52000,78080,36367,73800,63400
20181213,100029,10.78,10.79,10.8,10.81,10.82,25200,92500,385977,81200,26445,10.76,10.75,10.74,10.73,10.72,2140,50900,78080,36367,73800
20181213,100032,10.78,10.79,10.8,10.81,10.82,24100,92800,385977,81200,26445,10.76,10.75,10.74,10.73,10.72,1740,50000,78180,37667,73800
20181213,100035,10.78,10.79,10.8,10.81,10.82,24200,92800,385977,81200,26445,10.76,10.75,10.74,10.73,10.72,1340,50000,78180,37667,73800
20181213,100038,10.78,10.79,10.8,10.81,10.82,24300,92800,385977,81200,26445,10.76,10.75,10.74,10.73,10.72,1040,52000,78180,37667,74100
20181213,100041,10.78,10.79,10.8,10.81,10.82,24600,92800,385977,81200,26445,10.75,10.74,10.73,10.72,10.71,50640,78180,37667,74100,63600
20181213,100044,10.76,10.78,10.79,10.8,10.81,200,23600,92800,385977,81200,10.75,10.74,10.73,10.72,10.71,50240,78180,37667,74100,63600
20181213,100047,10.78,10.79,10.8,10.81,10.82,23200,92800,385977,81200,30445,10.76,10.75,10.74,10.73,10.72,3600,50240,78180,37667,74100
20181213,100050,10.78,10.79,10.8,10.81,10.82,21900,92800,385977,81200,30445,10.76,10.75,10.74,10.73,10.72,7000,50240,78180,37667,74100
20181213,100053,10.78,10.79,10.8,10.81,10.82,21900,92800,385977,81200,30445,10.76,10.75,10.74,10.73,10.72,6900,50540,78180,37667,74100
20181213,100056,10.78,10.79,10.8,10.81,10.82,21100,92800,385977,81200,30445,10.76,10.75,10.74,10.73,10.72,6900,50540,78180,37667,74100
20181213,100059,10.76,10.78,10.79,10.8,10.81,24000,21100,92800,385977,81200,10.75,10.74,10.73,10.72,10.71,48540,78180,37667,74100,63600
20181213,100102,10.76,10.78,10.79,10.8,10.81,100,21100,92800,385977,81200,10.75,10.74,10.73,10.72,10.71,47340,78180,38067,74100,63600
20181213,100105,10.78,10.79,10.8,10.81,10.82,21100,92800,385977,81200,30445,10.76,10.75,10.74,10.73,10.72,4300,52340,78180,38067,74100
20181213,100108,10.78,10.79,10.8,10.81,10.82,3200,92800,385977,81200,30445,10.76,10.75,10.74,10.73,10.72,39997,15040,78180,38067,74100
20181213,100111,10.78,10.79,10.8,10.81,10.82,3200,92800,385977,81200,32445,10.76,10.75,10.74,10.73,10.72,38797,20740,78180,38067,74100
20181213,100114,10.78,10.79,10.8,10.81,10.82,7900,92800,386077,81200,33245,10.76,10.75,10.74,10.73,10.72,39497,20740,78180,38067,74100
20181213,100117,10.78,10.79,10.8,10.81,10.82,7200,92800,386077,81200,33245,10.76,10.75,10.74,10.73,10.72,38797,20740,78180,38067,74100
20181213,100120,10.78,10.79,10.8,10.81,10.82,7200,92800,386077,81200,33245,10.76,10.75,10.74,10.73,10.72,41497,20740,78180,38067,74100
20181213,100123,10.78,10.79,10.8,10.81,10.82,6200,92800,386077,81200,33245,10.76,10.75,10.74,10.73,10.72,41496,20740,78580,38067,74100
20181213,100129,10.78,10.79,10.8,10.81,10.82,6200,93300,386077,81200,33245,10.76,10.75,10.74,10.73,10.72,40096,22740,78580,38067,74100
20181213,100132,10.78,10.79,10.8,10.81,10.82,21200,94200,386077,81200,33245,10.76,10.75,10.74,10.73,10.72,40096,22740,78580,38067,74100
20181213,100135,10.78,10.79,10.8,10.81,10.82,21200,94200,386077,81200,33245,10.76,10.75,10.74,10.73,10.72,40280,22740,78580,38067,74100
20181213,100138,10.78,10.79,10.8,10.81,10.82,15400,94200,386077,81200,33245,10.76,10.75,10.74,10.73,10.72,39980,22740,78580,38067,74100
20181213,100141,10.78,10.79,10.8,10.81,10.82,15200,94200,386377,81200,33245,10.76,10.75,10.74,10.73,10.72,39880,32740,78580,38067,74100
20181213,100144,10.77,10.78,10.79,10.8,10.81,18200,15200,94200,386377,81200,10.76,10.75,10.74,10.73,10.72,37580,32740,78580,38067,74100
20181213,100147,10.77,10.78,10.79,10.8,10.81,16700,15200,95200,386377,81200,10.76,10.75,10.74,10.73,10.72,37380,32740,78580,38067,74100
20181213,100150,10.77,10.78,10.79,10.8,10.81,16700,15200,95200,386377,81200,10.76,10.75,10.74,10.73,10.72,38380,32740,78580,38067,74100
20181213,100153,10.77,10.78,10.79,10.8,10.81,16700,15200,95200,386377,81200,10.76,10.75,10.74,10.73,10.72,38380,37740,78580,38067,74100
20181213,100156,10.77,10.78,10.79,10.8,10.81,16700,15200,95200,386377,81200,10.76,10.75,10.74,10.73,10.72,38377,37740,78580,38067,74100
20181213,100159,10.77,10.78,10.79,10.8,10.81,16700,15200,95200,386377,81200,10.76,10.75,10.74,10.73,10.72,37477,37740,78580,38067,74100
20181213,100202,10.77,10.78,10.79,10.8,10.81,16700,15800,95200,386377,81200,10.76,10.75,10.74,10.73,10.72,37977,37740,79580,38067,74100
20181213,100205,10.77,10.78,10.79,10.8,10.81,16700,15800,95200,386377,81200,10.76,10.75,10.74,10.73,10.72,38077,37740,79580,38067,74100
20181213,100208,10.77,10.78,10.79,10.8,10.81,16800,15800,95200,386377,81200,10.76,10.75,10.74,10.73,10.72,37662,37740,79580,38067,74100
20181213,100211,10.77,10.78,10.79,10.8,10.81,16700,15800,95200,386377,81200,10.76,10.75,10.74,10.73,10.72,36762,37740,79580,38067,74100
20181213,100214,10.77,10.78,10.79,10.8,10.81,15800,15800,125400,386377,81200,10.76,10.75,10.74,10.73,10.72,36262,37740,79580,38067,74100
20181213,100217,10.77,10.78,10.79,10.8,10.81,14800,15800,125400,388377,81200,10.76,10.75,10.74,10.73,10.72,34562,37740,79580,38067,74100
20181213,100220,10.77,10.78,10.79,10.8,10.81,14800,15800,127400,388377,81200,10.76,10.75,10.74,10.73,10.72,6500,37740,79580,38967,74100
20181213,100223,10.77,10.78,10.79,10.8,10.81,14800,15800,127400,388377,81200,10.76,10.75,10.74,10.73,10.72,4400,37740,79580,38967,74100
20181213,100226,10.77,10.78,10.79,10.8,10.81,8300,15800,127400,388377,81200,10.76,10.75,10.74,10.73,10.72,32500,37740,79580,38967,74100
20181213,100229,10.77,10.78,10.79,10.8,10.81,6500,15800,127400,388377,81200,10.76,10.75,10.74,10.73,10.72,31918,37740,79580,38967,74100
20181213,100232,10.77,10.78,10.79,10.8,10.81,6500,15800,127400,388377,81200,10.76,10.75,10.74,10.73,10.72,36818,37740,79580,38967,74100
20181213,100235,10.77,10.78,10.79,10.8,10.81,6500,15800,127400,389977,81200,10.76,10.75,10.74,10.73,10.72,36818,37740,79580,38967,74100
20181213,100238,10.77,10.78,10.79,10.8,10.81,6500,15800,127400,389977,81200,10.76,10.75,10.74,10.73,10.72,35218,37740,79580,38967,74100
20181213,100241,10.77,10.78,10.79,10.8,10.81,6700,15800,127400,389977,81200,10.76,10.75,10.74,10.73,10.72,35218,37740,79580,38967,74100
20181213,100244,10.77,10.78,10.79,10.8,10.81,6700,15800,127400,389977,81200,10.76,10.75,10.74,10.73,10.72,32365,37740,79580,38967,74100
20181213,100247,10.77,10.78,10.79,10.8,10.81,4600,15800,127400,389977,81200,10.76,10.75,10.74,10.73,10.72,28765,37740,79580,38967,74100
20181213,100250,10.77,10.78,10.79,10.8,10.81,3700,15800,127400,389977,85200,10.76,10.75,10.74,10.73,10.72,28765,37740,65580,37267,74100
20181213,100253,10.77,10.78,10.79,10.8,10.81,3700,15800,127400,389977,85200,10.76,10.75,10.74,10.73,10.72,28765,37740,65580,37267,74100
20181213,100256,10.77,10.78,10.79,10.8,10.81,3700,15800,132400,389977,85200,10.76,10.75,10.74,10.73,10.72,28764,37740,65580,37267,74100
20181213,100259,10.77,10.78,10.79,10.8,10.81,3800,15800,132400,389977,85200,10.76,10.75,10.74,10.73,10.72,28164,37740,65580,37267,74100
20181213,100302,10.77,10.78,10.79,10.8,10.81,3800,18900,132400,389977,85200,10.76,10.75,10.74,10.73,10.72,28664,37740,65580,37267,74100
20181213,100305,10.77,10.78,10.79,10.8,10.81,3800,18900,132400,389977,85200,10.76,10.75,10.74,10.73,10.72,28623,37740,65580,37267,74100
20181213,100308,10.77,10.78,10.79,10.8,10.81,3800,18900,132400,389977,85200,10.76,10.75,10.74,10.73,10.72,26823,37740,65580,37267,74100
20181213,100311,10.76,10.77,10.78,10.79,10.8,20294,3900,18900,132400,389977,10.75,10.74,10.73,10.72,10.71,34900,65580,37267,74100,63600
20181213,100314,10.76,10.77,10.78,10.79,10.8,19194,3900,18900,132400,389977,10.75,10.74,10.73,10.72,10.71,35300,65580,37267,74100,63600
20181213,100317,10.76,10.77,10.78,10.79,10.8,19194,3900,18900,132400,389977,10.75,10.74,10.73,10.72,10.71,34800,65580,37267,74100,63600
20181213,100320,10.76,10.77,10.78,10.79,10.8,26194,3900,3900,132400,389977,10.75,10.74,10.73,10.72,10.71,34800,65580,37267,74100,63600
20181213,100323,10.76,10.77,10.78,10.79,10.8,26194,3900,3900,132400,389977,10.75,10.74,10.73,10.72,10.71,35093,65580,37267,74100,63600
20181213,100326,10.76,10.77,10.78,10.79,10.8,25894,3900,800,132400,389977,10.75,10.74,10.73,10.72,10.71,31393,65580,37267,74100,63600
20181213,100329,10.75,10.76,10.77,10.78,10.79,8119,25794,3900,1300,132400,10.74,10.73,10.72,10.71,10.7,64163,37267,74100,63600,76700
20181213,100332,10.75,10.76,10.77,10.78,10.79,6600,20413,3900,1300,132400,10.74,10.73,10.72,10.71,10.7,65563,37167,74100,63600,76700
20181213,100335,10.75,10.76,10.77,10.78,10.79,6600,21113,3900,14500,132400,10.74,10.73,10.72,10.71,10.7,66428,37167,74100,63600,76700
20181213,100338,10.75,10.76,10.77,10.78,10.79,3100,21113,3900,14500,132400,10.74,10.73,10.72,10.71,10.7,66111,37167,74100,63600,76700
20181213,100341,10.75,10.76,10.77,10.78,10.79,3400,21113,3900,14500,132400,10.74,10.73,10.72,10.71,10.7,77099,37167,74100,63600,76700
20181213,100344,10.76,10.77,10.78,10.79,10.8,21113,3900,14500,132400,391277,10.75,10.74,10.73,10.72,10.71,2900,72081,37167,73800,63600
20181213,100347,10.76,10.77,10.78,10.79,10.8,19713,3900,14500,132400,391277,10.75,10.74,10.73,10.72,10.71,2100,72181,37167,73800,63600
20181213,100350,10.76,10.77,10.78,10.79,10.8,19513,3900,14500,132400,391277,10.75,10.74,10.73,10.72,10.71,2100,72781,37167,73800,63600
20181213,100353,10.76,10.77,10.78,10.79,10.8,19513,3900,14500,132400,391277,10.75,10.74,10.73,10.72,10.71,2100,72781,37167,73800,63900
20181213,100356,10.76,10.77,10.78,10.79,10.8,19513,3900,14500,132400,391277,10.75,10.74,10.73,10.72,10.71,2200,72681,37167,73800,63900
20181213,100359,10.76,10.77,10.78,10.79,10.8,33713,3900,14500,132400,391277,10.75,10.74,10.73,10.72,10.71,2800,72681,37167,73800,63900
20181213,100402,10.76,10.77,10.78,10.79,10.8,32713,3900,29500,132400,391277,10.75,10.74,10.73,10.72,10.71,1800,72681,37167,73800,63900
20181213,100405,10.76,10.77,10.78,10.79,10.8,32813,3900,29500,132400,391277,10.75,10.74,10.73,10.72,10.71,1800,72681,37167,73800,63900
20181213,100408,10.76,10.77,10.78,10.79,10.8,24813,3900,29500,132400,391277,10.75,10.74,10.73,10.72,10.71,1600,72681,42167,73800,63900
20181213,100411,10.76,10.77,10.78,10.79,10.8,25913,3900,29500,132400,391277,10.75,10.74,10.73,10.72,10.71,6800,72681,42167,73800,63900
20181213,100414,10.76,10.77,10.78,10.79,10.8,25913,3900,29500,132400,391277,10.75,10.74,10.73,10.72,10.71,7500,72681,42167,73800,63900
20181213,100417,10.76,10.77,10.78,10.79,10.8,26013,3900,29500,132400,391277,10.75,10.74,10.73,10.72,10.71,6800,72681,42167,73800,63900
20181213,100420,10.76,10.77,10.78,10.79,10.8,26113,3900,29500,132400,391277,10.75,10.74,10.73,10.72,10.71,6800,72681,42167,73800,63900
20181213,100423,10.76,10.77,10.78,10.79,10.8,25913,3900,29500,132400,391277,10.75,10.74,10.73,10.72,10.71,1700,72681,42167,73800,63900
20181213,100426,10.76,10.77,10.78,10.79,10.8,25913,5900,29500,132400,391277,10.75,10.74,10.73,10.72,10.71,2200,72681,42167,73800,63900
20181213,100429,10.76,10.77,10.78,10.79,10.8,29713,5900,29500,132400,391277,10.75,10.74,10.73,10.72,10.71,1252,72681,42167,73800,63900
20181213,100432,10.76,10.77,10.78,10.79,10.8,29613,5900,29500,133400,391277,10.75,10.74,10.73,10.72,10.71,600,72681,42167,73800,63900
20181213,100435,10.76,10.77,10.78,10.79,10.8,20313,5900,29500,133400,391277,10.75,10.74,10.73,10.72,10.71,700,72681,42167,73800,63900
20181213,100438,10.76,10.77,10.78,10.79,10.8,18713,5900,29500,133400,391277,10.75,10.74,10.73,10.72,10.71,7400,72681,42167,73800,63900
20181213,100441,10.76,10.77,10.78,10.79,10.8,14513,5900,29500,133400,391277,10.75,10.74,10.73,10.72,10.71,10600,72681,42167,73800,63900
20181213,100444,10.76,10.77,10.78,10.79,10.8,14513,5900,29500,133400,391277,10.75,10.74,10.73,10.72,10.71,8900,72681,42167,73800,63900
20181213,100447,10.76,10.77,10.78,10.79,10.8,14313,5900,29500,133400,391277,10.75,10.74,10.73,10.72,10.71,8400,72681,42167,73800,63900
20181213,100450,10.76,10.77,10.78,10.79,10.8,12313,5900,29500,133400,391277,10.75,10.74,10.73,10.72,10.71,7800,72681,42167,73800,63900
20181213,100453,10.76,10.77,10.78,10.79,10.8,6713,5900,49500,133400,391277,10.75,10.74,10.73,10.72,10.71,7800,72681,42167,73800,63900
20181213,100456,10.76,10.77,10.78,10.79,10.8,5013,5900,49500,133400,391277,10.75,10.74,10.73,10.72,10.71,14300,72681,42167,73800,63900
20181213,100459,10.76,10.77,10.78,10.79,10.8,5013,5900,52100,133400,411277,10.75,10.74,10.73,10.72,10.71,13500,72681,42167,73800,63900
20181213,100502,10.76,10.77,10.78,10.79,10.8,5113,5900,52100,133400,411277,10.75,10.74,10.73,10.72,10.71,12480,72681,42167,73800,63900
20181213,100505,10.78,10.79,10.8,10.81,10.82,52100,133400,411277,85200,34645,10.77,10.76,10.75,10.74,10.73,600,2087,12480,72681,62167
20181213,100508,10.78,10.79,10.8,10.81,10.82,51500,133400,411277,85200,34645,10.77,10.76,10.75,10.74,10.73,700,1887,11680,72681,62167
20181213,100511,10.77,10.78,10.79,10.8,10.81,700,51500,133400,411277,85200,10.76,10.75,10.74,10.73,10.72,1100,2380,72681,62167,73800
20181213,100514,10.78,10.79,10.8,10.81,10.82,51000,133400,411277,85200,34645,10.75,10.74,10.73,10.72,10.71,2380,72681,62167,73800,63900
20181213,100517,10.78,10.79,10.8,10.81,10.82,51000,133400,411277,85200,34645,10.77,10.75,10.74,10.73,10.72,5400,400,72681,62167,73800
20181213,100520,10.78,10.79,10.8,10.81,10.82,49400,133400,411277,85200,34645,10.77,10.75,10.74,10.73,10.72,2600,400,72681,62167,73800
20181213,100523,10.78,10.79,10.8,10.81,10.82,49400,133400,411277,85200,34645,10.77,10.75,10.74,10.73,10.72,2700,400,59581,62167,123800
20181213,100526,10.78,10.79,10.8,10.81,10.82,49400,133400,411277,85200,34645,10.77,10.75,10.74,10.73,10.72,2200,400,59581,62167,123800
20181213,100529,10.77,10.78,10.79,10.8,10.81,19000,49400,133400,411277,85200,10.75,10.74,10.73,10.72,10.71,15400,59581,62167,123800,63900
20181213,100532,10.77,10.78,10.79,10.8,10.81,19000,49400,133400,411277,85200,10.75,10.74,10.73,10.72,10.71,15200,59581,62167,123800,63900
20181213,100535,10.77,10.78,10.79,10.8,10.81,12600,49400,133400,411277,85200,10.75,10.74,10.73,10.72,10.71,17200,59581,62167,123800,63900
20181213,100538,10.77,10.78,10.79,10.8,10.81,13500,49400,133400,411277,85200,10.75,10.74,10.73,10.72,10.71,17000,59581,62167,123800,63900
20181213,100541,10.77,10.78,10.79,10.8,10.81,11500,49400,133400,411277,85200,10.75,10.74,10.73,10.72,10.71,20000,59581,62167,123800,63900
20181213,100544,10.77,10.78,10.79,10.8,10.81,10800,49400,133400,411277,85200,10.75,10.74,10.73,10.72,10.71,18500,59581,62167,123800,63900
20181213,100547,10.77,10.78,10.79,10.8,10.81,10800,49400,133400,411277,85200,10.75,10.74,10.73,10.72,10.71,18200,59581,62167,123800,63900
20181213,100553,10.77,10.78,10.79,10.8,10.81,10700,49400,133400,411277,85200,10.76,10.75,10.74,10.73,10.72,9000,18200,59581,62167,123800
20181213,100556,10.77,10.78,10.79,10.8,10.81,10600,49400,133400,411277,85200,10.76,10.75,10.74,10.73,10.72,10400,18200,61581,62167,123800
20181213,100559,10.77,10.78,10.79,10.8,10.81,10400,49400,133400,411277,85200,10.76,10.75,10.74,10.73,10.72,9009,18200,61581,72167,123800
20181213,100602,10.77,10.78,10.79,10.8,10.81,1200,49400,133400,411277,85200,10.76,10.75,10.74,10.73,10.72,8409,16700,61581,72167,123800
20181213,100605,10.77,10.78,10.79,10.8,10.81,100,44200,133400,411277,85200,10.76,10.75,10.74,10.73,10.72,14009,16700,61581,72167,123800
20181213,100608,10.78,10.79,10.8,10.81,10.82,44200,133400,412077,85200,34645,10.77,10.76,10.75,10.74,10.73,5244,14809,14900,61581,72167
20181213,100611,10.78,10.79,10.8,10.81,10.82,39900,133400,412077,85200,34645,10.77,10.76,10.75,10.74,10.73,444,7609,14900,61581,73167
20181213,100614,10.77,10.78,10.79,10.8,10.81,556,39700,133400,412077,85200,10.76,10.75,10.74,10.73,10.72,6809,14900,61581,73167,123800
20181213,100617,10.77,10.78,10.79,10.8,10.81,756,39700,133400,412077,85200,10.76,10.75,10.74,10.73,10.72,6409,14900,61581,73167,123800
20181213,100620,10.77,10.78,10.79,10.8,10.81,1056,39700,133400,412077,85200,10.76,10.75,10.74,10.73,10.72,6409,14900,61581,73167,123800
20181213,100623,10.78,10.79,10.8,10.81,10.82,39700,133400,412077,85200,34645,10.77,10.76,10.75,10.74,10.73,6744,1600,14900,61581,73167
20181213,100626,10.78,10.79,10.8,10.81,10.82,39700,133400,412077,85200,34645,10.77,10.75,10.74,10.73,10.72,7944,14900,61581,73167,123800
20181213,100629,10.78,10.79,10.8,10.81,10.82,39600,133400,412077,85200,34645,10.77,10.75,10.74,10.73,10.72,10144,14900,61581,78267,123800
20181213,100632,10.78,10.79,10.8,10.81,10.82,38500,133400,412077,85200,34645,10.77,10.75,10.74,10.73,10.72,10344,14900,61581,78267,123800
20181213,100635,10.78,10.79,10.8,10.81,10.82,31600,135300,412077,85200,34645,10.77,10.76,10.75,10.74,10.73,6444,1500,14900,61581,78267
20181213,100638,10.78,10.79,10.8,10.81,10.82,37400,140300,412077,85200,34645,10.77,10.76,10.75,10.74,10.73,7044,1500,14900,61581,78267
20181213,100641,10.78,10.79,10.8,10.81,10.82,36500,140300,412077,85200,34645,10.77,10.76,10.75,10.74,10.73,7044,1500,15900,61581,78267
20181213,100644,10.78,10.79,10.8,10.81,10.82,36500,140300,411577,85200,34645,10.77,10.76,10.75,10.74,10.73,4944,1500,15900,61581,78267
20181213,100647,10.78,10.79,10.8,10.81,10.82,36400,140300,411577,85200,34645,10.77,10.76,10.75,10.74,10.73,3944,1500,15900,61581,78267
20181213,100650,10.78,10.79,10.8,10.81,10.82,35500,140300,411577,85200,34645,10.77,10.76,10.75,10.74,10.73,4244,1500,15900,61581,78267
20181213,100656,10.78,10.79,10.8,10.81,10.82,35500,140300,411577,85200,34645,10.77,10.76,10.75,10.74,10.73,4244,2000,15900,61581,78267
20181213,100659,10.78,10.79,10.8,10.81,10.82,35700,140300,411577,85200,34645,10.77,10.76,10.75,10.74,10.73,1344,2000,15900,61581,78267
